@inproceedings{Thuraisingham2016,
    title = {{A Data Driven Approach For The Science Of Cyber Security: Challenges And Directions}},
    year = {2016},
    booktitle = {IEEE Conference on Information Reuse and Integration},
    author = {Thuraisingham, Bhavani and Kantarcioglu, Murat and Hamlen, Kevin and Khan, Latifur and Finin, Tim and Joshi, Anupam and Oates, Tim and Bertino, Elisa},
    pages = {10},
    url = {http://ebiquity.umbc.edu/_file_directory_/papers/813.pdf%0D},
    isbn = {978-1-5090-3207-5},
    doi = {10.1109/IRI.2016.10}
}

@article{Buczak2016,
    title = {{A Survey of Data Mining and Machine Learning Methods for Cyber Security Intrusion Detection}},
    year = {2016},
    journal = {IEEE Communications Surveys {\&} Tutorials},
    author = {Buczak, Anna L. and Guven, Erhan},
    number = {2},
    pages = {1153--1176},
    volume = {18},
    url = {https://bit.ly/2NqYKnr},
    doi = {10.1109/COMST.2015.2494502},
    issn = {1553-877X}
}

@inproceedings{Mandal2016,
    title = {{A survey on network security tools for open source}},
    year = {2016},
    booktitle = {2016 IEEE International Conference on Current Trends in Advanced Computing, ICCTAC 2016},
    author = {Mandal, Nabanita and Jadhav, Sonali},
    url = {http://ieeexplore.ieee.org/document/7567330/},
    isbn = {9781509019366},
    doi = {10.1109/ICCTAC.2016.7567330},
    keywords = {Firewall, Reconnaissance, Sniffing, Spoofing, Vulnerability}
}

@inproceedings{Blomer2016,
    title = {{Advances in Knowledge Discovery and Data Mining}},
    year = {2016},
    booktitle = {Proceedings of the 20th Pacific Asia Conference on Knowledge Discovery and Data Mining (PAKDD) 2016},
    author = {Bl{\"{o}}mer, Johannes and Bujna, Kathrin},
    pages = {560},
    volume = {9652},
    isbn = {978-3-319-31749-6},
    doi = {10.1007/978-3-319-31750-2},
    issn = {03029743},
    pmid = {25246403},
    arxivId = {arXiv:1011.1669v3}
}

@inproceedings{Kantarcioglu2016,
    title = {{Adversarial Data Mining}},
    year = {2016},
    booktitle = {Proceedings of the 2016 ACM SIGSAC Conference on Computer and Communications Security - CCS'16},
    author = {Kantarcioglu, Murat and Xi, Bowei},
    pages = {1866--1867},
    url = {http://delivery.acm.org.prox.lib.ncsu.edu/10.1145/2980000/2976753/p1866-kantarcioglu.pdf?ip=152.14.136.96&id=2976753&acc=ACTIVE SERVICE&key=6ABC8B4C00F6EE47.4D4702B0C3E38B35.4D4702B0C3E38B35.4D4702B0C3E38B35&CFID=916481765&CFTOKEN=30619674&__acm__=1490577},
    isbn = {9781450341394},
    doi = {10.1145/2976749.2976753},
    keywords = {adversarial data mining, big data analytics for, cyber security}
}

@inproceedings{Achleitner2017,
    title = {{Adversarial Network Forensics in Software Defined Networking}},
    year = {2017},
    booktitle = {Proceedings of the Symposium on SDN Research - SOSR '17},
    author = {Achleitner, Stefan and La Porta, Thomas and Jaeger, Trent and McDaniel, Patrick},
    pages = {8--20},
    url = {https://conferences.sigcomm.org/sosr/2017/papers/sosr17-adversarial.pdf},
    isbn = {9781450349475},
    doi = {10.1145/3050220.3050223},
    keywords = {AAacks on SDN, Domain-speciic security and privacy architectures, KEYWORDS OpenFlow rule reconstruction, Security pro-tocols}
}

@incollection{Yin2017,
    title = {{An inconsistency detection method for security policy and firewall policy based on CSP solver}},
    year = {2017},
    booktitle = {Lecture Notes in Computer Science (including subseries Lecture Notes in Artificial Intelligence and Lecture Notes in Bioinformatics)},
    author = {Yin, Yi and Tateiwa, Yuichiro and Wang, Yun and Katayama, Yoshiaki and Takahashi, Naohisa},
    month = {6},
    pages = {147--161},
    volume = {10603 LNCS},
    publisher = {Springer, Cham},
    url = {https://goo.gl/rsZvT1},
    isbn = {9783319685410},
    doi = {10.1007/978-3-319-68542-7{\_}13},
    issn = {16113349},
    keywords = {CSP problem, Firewall policy, Security policy}
}

@article{Forecast2017,
    title = {{Cisco visual networking index: Global mobile data traffic forecast update 2016-2021}},
    year = {2017},
    journal = {Cisco Public Information, February},
    author = {Forecast, Cisco V N I},
    url = {https://goo.gl/tIIk4D}
}

@article{Ali2014,
    title = {{Firewall policy reconnaissance: Techniques and analysis}},
    year = {2014},
    journal = {IEEE Transactions on Information Forensics and Security},
    author = {Ali, Muhammad Qasim and Al-Shaer, Ehab and Samak, Taghrid},
    number = {2},
    pages = {296--308},
    volume = {9},
    doi = {10.1109/TIFS.2013.2296874},
    issn = {15566013},
    keywords = {Security, intrusion detection, reconnaissance}
}

@article{Fu2017,
    title = {{Fnf}},
    year = {2017},
    journal = {Proceedings of the ACM Turing 50th Celebration Conference - China on   - ACM TUR-C '17},
    author = {Fu, Bo and Xiao, Yang and Chen, Hui},
    pages = {1--5},
    url = {http://dl.acm.org/citation.cfm?doid=3063955.3063986},
    isbn = {9781450348737},
    doi = {10.1145/3063955.3063986},
    keywords = {-  Security and privacy  ->  Intrusion detection s}
}

@inproceedings{Zheng2017,
    title = {{Hybrid adversarial sample crafting for black-box evasion attack}},
    year = {2017},
    booktitle = {International Conference on Wavelet Analysis and Pattern Recognition},
    author = {Zheng, Juan and He, Zhimin and Lin, Zhe},
    pages = {236--242},
    volume = {1},
    url = {http://ieeexplore.ieee.org/document/8076695/},
    isbn = {9781538604106},
    doi = {10.1109/ICWAPR.2017.8076695},
    issn = {21585709},
    keywords = {Adversary learning, Black-box attack, Deep learning, Evasion attack, Machine learning, Transferability}
}

@article{Hutchins,
    title = {{Intelligence-Driven Computer Network Defense Informed by Analysis of Adversary Campaigns and Intrusion Kill Chains}},
    year = {2011},
    journal = {6th Annual International Conference on Information Warfare and Security},
    author = {Hutchins, Eric M. and Cloppert, Michael J. and Amin, Rohan M.},
    number = {July 2005},
    pages = {1--14},
    url = {http://papers.rohanamin.com/wp-content/uploads/papers.rohanamin.com/2011/08/iciw2011.pdf%5Cnhttp://www.lockheedmartin.com/content/dam/lockheed/data/corporate/documents/LM-White-Paper-Intel-Driven-Defense.pdf},
    isbn = {978-1-906638-92-4},
    pmid = {60146015},
    keywords = {apt, computer network defense, incident response, intelligence, intrusion detection, threat}
}

@incollection{Blowers2014,
    title = {{Machine learning applied to cyber operations}},
    year = {2014},
    booktitle = {Advances in Information Security},
    author = {Blowers, Misty and Williams, Jonathan},
    pages = {155--175},
    volume = {55},
    publisher = {Springer New York},
    url = {https://goo.gl/b0f0tu},
    isbn = {978-1-4614-7596-5},
    doi = {10.1007/978-1-4614-7597-2{\_}10},
    issn = {15682633}
}

@article{Cui2016,
    title = {{On the Fingerprinting of Software-Defined Networks}},
    year = {2016},
    journal = {IEEE Transactions on Information Forensics and Security},
    author = {Cui, Heng and Karame, Ghassan O. and Klaedtke, Felix and Bifulco, Roberto},
    number = {10},
    pages = {2160--2173},
    volume = {11},
    url = {ieeexplore.ieee.org/document/7480416/},
    isbn = {9781467382953},
    doi = {10.1109/TIFS.2016.2573756},
    issn = {15566013},
    arxivId = {1512.06585},
    keywords = {OpenFlow, Software-defined networking, fingerprinting, security}
}

@article{Allen2007,
    title = {{OS and Application Fingerprinting Techniques}},
    year = {2007},
    journal = {Sans Institute},
    author = {Allen, Jon Mark},
    pages = {27},
    url = {https://www.sans.org/reading-room/whitepapers/tools/os-application-fingerprinting-techniques-1891}
}

@article{Argyros,
    title = {{SFADiff}},
    year = {2016},
    journal = {Proceedings of the 2016 ACM SIGSAC Conference on Computer and Communications Security - CCS'16},
    author = {Argyros, George and Stais, Ioannis and Jana, Suman and Keromytis, Angelos D. and Kiayias, Aggelos},
    pages = {1690--1701},
    url = {http://dl.acm.org/citation.cfm?doid=2976749.2978383},
    isbn = {9781450341394},
    doi = {10.1145/2976749.2978383},
    issn = {15437221}
}

@article{Bruckner,
    title = {{Stackelberg Games for Adversarial Prediction Problems}},
    author = {Br{\"{u}}ckner, Michael and Scheffer, Tobias},
    keywords = {Algorithms Keywords Adversarial Classification, H43 [Information System Applications], Modelsâ€”statistical, Predic-tion Game, Spam Filtering, Stackelberg Competition}
}

@inproceedings{Tramer2016,
    title = {{Stealing Machine Learning Models via Prediction APIs}},
    year = {2016},
    booktitle = {Proceedings of the 25th USENIX Security Symposium},
    author = {Tram{\`{e}}r, Florian and Zhang, Fan and Epfl, Floriantra Er and Juels, Ari and Reiter, Michael K and Ristenpart, Thomas},
    isbn = {978-1-931971-32-4},
    arxivId = {1609.02943}
}

@article{Shamsi2017,
    title = {{Unsupervised Clustering under Temporal Feature Volatility in Network Stack Fingerprinting}},
    year = {2017},
    journal = {IEEE/ACM Transactions on Networking},
    author = {Shamsi, Zain and Loguinov, Dmitri},
    number = {4},
    pages = {2430--2443},
    volume = {25},
    isbn = {9781450342667},
    doi = {10.1109/TNET.2017.2690641},
    issn = {10636692},
    keywords = {OS fingerprinting, internet measurement}
}

@misc{USBureauofLaborStatistics2016,
    title = {{US Bureau of Labor Statistics, Occupational Outlook Handbook}},
    year = {2015},
    author = {{Bureau of Labor Statistics}}
}

@article{TierneyTerroristFinancing:Internet,
    title = {{{\#}TerroristFinancing: An Examination of Terrorism Financing via the Internet}},
    journal = {International Journal of Cyber Warfare and Terrorism},
    author = {Tierney, Michael},
    number = {1},
    volume = {8},
    url = {https://tripsaver.lib.ncsu.edu/illiad.dll?Action=10&Form=75&Value=1026232},
    doi = {10.4018/IJCWT.2018010101},
    keywords = {Counter-Terrorism, Cyber-Terrorism, Internet, Terrorist Financing}
}

@article{Gore2017Authors,
    title = {{) 233-243 {\'{O}} The Author(s)}},
    year = {2017},
    journal = {Journal of Defense Modeling and Simulation: Applications, Methodology},
    author = {Gore, Ross and Padilla, Jose and Diallo, Saikou},
    number = {3},
    pages = {2017},
    volume = {14},
    url = {http://journals.sagepub.com.prox.lib.ncsu.edu/doi/pdf/10.1177/1548512916683451},
    doi = {10.1177/1548512916683451},
    keywords = {Markov Chain, Modeling, cyber security}
}

@article{20172017Overview,
    title = {{2017 Cost of Data Breach Study Global Overview 2017 Cost of Data Breach Study: Global Overview}},
    year = {2017}
}

@article{7Security,
    title = {{7 strategies for scaling product security}},
    url = {https://qconnewyork.com/system/files/presentation-slides/7_strategies_for_scaling_product_security.pdf}
}

@article{BoyteAWarfare,
    title = {{A Comparative Analysis of the Cyberattacks Against Estonia, the United States, and Ukraine: Exemplifying the Evolution of Internet-Supported Warfare}},
    journal = {International Journal of Cyber Warfare and Terrorism},
    author = {Boyte, Kenneth J},
    number = {2},
    volume = {7},
    url = {https://tripsaver.lib.ncsu.edu/illiad.dll?Action=10&Form=75&Value=1026233},
    doi = {10.4018/IJCWT.2017040104},
    keywords = {CERT, Critical Infrastructure, Cyber Command, Cyber War, Estonia, Hybrid War, Information Operations, Information War, Internet of Thing, Iran, NATO, Russian Federation, Ukraine, United States}
}

@inproceedings{Uahhabi2014AModels,
    title = {{A comparative study of PKI trust models}},
    year = {2014},
    booktitle = {International Conference on Next Generation Networks and Services, NGNS},
    author = {Uahhabi, Zakia El and Bakkali, Hanan El},
    isbn = {9781479969371},
    doi = {10.1109/NGNS.2014.6990261},
    issn = {23276533},
    keywords = {E-services, PKI, e-health, trust model}
}

@article{RomanofskiATechnology,
    title = {{A Comparison of Packet Filtering Vs Application Le vel Fire wall Technology}},
    author = {Romanofski, Ernest},
    url = {http://www.giac.org/registration/gsec}
}

@article{RennersFelixHeineCarstenKleinerAPrioritization,
    title = {{A Feedback-based Evaluation Approach for the Continuous Adjustment of Incident Prioritization}},
    author = {Renners Felix Heine Carsten Kleiner, Leonard and Dreo Rodosek, Gabi},
    doi = {10.1109/ICDIS.2018.00036}
}

@article{Meiklejohn2016ABitcoins,
    title = {{A fistful of Bitcoins}},
    year = {2016},
    journal = {Communications of the ACM},
    author = {Meiklejohn, Sarah and Pomarole, Marjori and Jordan, Grant and Levchenko, Kirill and McCoy, Damon and Voelker, Geoffrey M. and Savage, Stefan},
    number = {4},
    pages = {86--93},
    volume = {59},
    url = {http://dl.acm.org/citation.cfm?doid=2907055.2896384},
    isbn = {9781450319539},
    doi = {10.1145/2896384},
    issn = {00010782},
    keywords = {Anonymity, Measurement, Payment schemes Keywords Bitcoin}
}

@article{Mead2018AMethod,
    title = {{A Hybrid Threat Modeling Method}},
    year = {2018},
    author = {Mead, Nancy R and Shull, Forrest and Vemuru, Krishnamurthy and Villadsen, Ole},
    number = {March},
    url = {http://www.sei.cmu.edu},
    keywords = {PnG, STRIDE, Security Card, misuse case, persona non grata}
}

@inproceedings{Liu2017AAnalysis,
    title = {{A layered graphical model for mission attack impact analysis}},
    year = {2017},
    booktitle = {2017 IEEE Conference on Communications and Network Security, CNS 2017},
    author = {Liu, Changwei and Singhal, Anoop and Wijesekera, Duminda},
    isbn = {9781538606834},
    doi = {10.1109/CNS.2017.8228706}
}

@article{He2005ATLS,
    title = {{A modular correctness proof of IEEE 802.11 i and TLS}},
    year = {2005},
    journal = {Proceedings of the 12th ACM conference on Computer and communications security},
    author = {He, Changhua and Sundararajan, Mukund and Datta, Anupam and Derek, Ante and Mitchell, John C},
    pages = {2--15},
    url = {https://www.andrew.cmu.edu/user/danupam/hsddm-ccs05.pdf},
    isbn = {1595932267},
    doi = {http://doi.acm.org/10.1145/1102120.1102124},
    issn = {15437221},
    keywords = {11i, ieee802, protocol composition logic, tls}
}

@inproceedings{Rathod2017AAnalysis,
    title = {{A Novel Model for Cybersecurity Economics and Analysis}},
    year = {2017},
    booktitle = {IEEE CIT 2017 - 17th IEEE International Conference on Computer and Information Technology},
    author = {Rathod, Paresh and Hamalainen, Timo},
    isbn = {9781538609583},
    doi = {10.1109/CIT.2017.65},
    keywords = {Advanced cyber threats, Cyber fraud, Cyber secure, Cybersecurity, Cybersecurity cost-benefit, Cybersecurity cost-benefit model, Cybersecurity economics, Cybersecurity impact}
}

@article{WangAAttacks,
    title = {{A Revisit of DNS Kaminsky Cache Poisoning Attacks}},
    author = {Wang, Zheng},
    keywords = {outstanding query, window of opportunity, â€”Kaminsky cache poisoning}
}

@inproceedings{Jouini2016ASystems,
    title = {{A Scalable Threats Classification Model in Information Systems}},
    year = {2016},
    booktitle = {Proceedings of the 9th International Conference on Security of Information and Networks - SIN '16},
    author = {Jouini, Mouna and Ben Arfa Rabai, Latifa},
    pages = {141--144},
    url = {http://dl.acm.org/citation.cfm?doid=2947626.2947630},
    isbn = {9781450347648},
    doi = {10.1145/2947626.2947630},
    keywords = {Information security, security dimension, security perspective, security risk, security threats, threat classification}
}

@book{BlairJ.Pete2014A2013,
    title = {{A study of active shooter icidents in the United States between 2000 and 2013}},
    year = {2014},
    author = {{Blair J. Pete} and Schweit, Katherine W},
    publisher = {U S GOVT PRINTING OFFICE},
    url = {https://bookstore.gpo.gov/products/sku/027-001-00101-3},
    isbn = {9780160933486}
}

@article{Lin2017AChallenges,
    title = {{A Survey of Blockchain Security Issues and Challenges}},
    year = {2017},
    journal = {International Journal of Network Security},
    author = {Lin, Iuon-Chang and Liao, Tzu-Chun},
    number = {55},
    pages = {653--65901},
    volume = {1919},
    url = {http://ijns.jalaxy.com.tw/contents/ijns-v19-n5/ijns-2017-v19-n5-p653-659.pdf},
    doi = {10.6633/IJNS.201709.19(5).01)},
    keywords = {Blockchain, Security, Smart Contracts}
}

@article{Buczak2016ADetection,
    title = {{A Survey of Data Mining and Machine Learning Methods for Cyber Security Intrusion Detection}},
    year = {2016},
    journal = {IEEE COMMUNICATIONS SURVEYS {\&} TUTORIALS},
    author = {Buczak, Anna L and Guven, Erhan},
    number = {2},
    volume = {18},
    doi = {10.1109/COMST.2015.2494502},
    keywords = {Index Termsâ€”Cyber analytics, data mining, machine learning}
}

@misc{Kwon2017ADetection,
    title = {{A survey of deep learning-based network anomaly detection}},
    year = {2017},
    booktitle = {Cluster Computing},
    author = {Kwon, Donghwoon and Kim, Hyunjoo and Kim, Jinoh and Suh, Sang C and Kim, Ikkyun and Kim, Kuinam J.},
    pages = {1--13},
    url = {https://bit.ly/2u9mqE2},
    doi = {10.1007/s10586-017-1117-8},
    issn = {15737543},
    keywords = {Deep learning, Intrusion detection, Network anomaly detection, Network security, Network traffic analysis}
}

@inproceedings{Nagaraju2017AManagement,
    title = {{A survey of fault and attack tree modeling and analysis for cyber risk management}},
    year = {2017},
    booktitle = {2017 IEEE International Symposium on Technologies for Homeland Security, HST 2017},
    author = {Nagaraju, Vidhyashree and Fiondella, Lance and Wandji, Thierry},
    isbn = {9781509063567},
    doi = {10.1109/THS.2017.7943455}
}

@inproceedings{Jakoubi2009AManagement,
    title = {{A survey of scientific approaches considering the integration of security and risk aspects into business process management}},
    year = {2009},
    booktitle = {Proceedings - International Workshop on Database and Expert Systems Applications, DEXA},
    author = {Jakoubi, Stefan and Tjoa, Simon and Goluch, Gernot and Quirchmayr, Gerald},
    isbn = {9780769537634},
    doi = {10.1109/DEXA.2009.71},
    issn = {15294188}
}

@article{Latha2017ASystems,
    title = {{A Survey on Network Attacks and Intrusion Detection Systems}},
    year = {2017},
    author = {Latha, S},
    pages = {6--7},
    url = {http://ieeexplore.ieee.org.lib1.library.unikl.edu.my/document/8014614/},
    isbn = {9781509045594},
    keywords = {assistant professor of computer, dr, head, ids, intrusion detection systems, network attacks, network security, science, sinthu janita prakash, web attacks}
}

@article{Bertran2013ACMPs,
    title = {{A systematic methodology to generate decomposable and responsive power models for CMPs}},
    year = {2013},
    journal = {IEEE Transactions on Computers},
    author = {Bertran, Ramon and Gonzelez, Marc and Martorell, Xavier and Navarro, Nacho and Ayguade, Eduard},
    isbn = {0018-9340 VO - 62},
    doi = {10.1109/TC.2012.97},
    issn = {00189340},
    keywords = {Modeling techniques, dynamic voltage and frequency scaling, energy accounting, performance counters, power modeling, responsiveness}
}

@article{NaagasASecurity,
    title = {{A Threat-Driven Approach to Modeling a Campus Network Security}},
    author = {Naagas, Marlon A and Palaoag, Thelma D},
    doi = {10.1145/3193092.3193096},
    keywords = {Cyber Security Framework, Network Security Model, Penetration Testing, Risk Assessment, Threat Modeling, Trust frameworks Security requirements}
}

@article{AmbronaAAribute-BasedConstructions,
    title = {{AAribute-Based Encryption in the Generic Group Model: Automated Proofs and New Constructions}},
    author = {Ambrona, Miguel and Barthe, Gilles and Gay, Romain},
    url = {https://acmccs.github.io/papers/p647-ambronaA.pdf},
    doi = {10.1145/3133956.3134088},
    keywords = {Formal security models, Logic and verification, â€¢Security and privacy  Mathematical foundations of cryptography}
}

@inproceedings{Lee2017AccessNetwork,
    title = {{Access point selection algorithm for providing optimal AP in SDN-based wireless network}},
    year = {2017},
    booktitle = {2017 19th Asia-Pacific Network Operations and Management Symposium (APNOMS)},
    author = {Lee, DongKyu and Hong, Choong Seon},
    month = {9},
    pages = {362--365},
    publisher = {IEEE},
    url = {https://bit.ly/2tYPI9f},
    isbn = {978-1-5386-1101-2},
    doi = {10.1109/APNOMS.2017.8094148}
}

@article{2016AdaptationFusion,
    title = {{Adaptation of the JDL Model for Multi-Sensor National Cyber Security Data Fusion}},
    year = {2016},
    url = {https://tripsaver.lib.ncsu.edu/illiad.dll?Action=10&Form=75&Value=1026236},
    doi = {10.4018/IJCWT.2016070102},
    keywords = {Attack Surface, Cyber Security Readiness, JDL Model, National Security Policy, Open Source, Personally Identifiable Information, Sensor Fusion}
}

@article{ADVANCEDEnc,
    title = {{ADVANCED IPSEC ALGORITHMS AND PROTOCOLS SESSION SEC-4011 2 2 2 Agenda @BULLET Analysis of Baseline IPSec Functionality IKE: IPSec Negotiation Protocol Flow PKI: IPSec Authentication Architecture SHA and MD5: IPSec Hashing Mechanisms DES and AES: IPSec Enc}},
    url = {http://www.cisco.com/networkers/nw04/presos/docs/SEC-4011.pdf}
}

@inproceedings{Messaoud2017AdvancedChallenges,
    title = {{Advanced Persistent Threat: New analysis driven by life cycle phases and their challenges}},
    year = {2017},
    booktitle = {2016 International Conference on Advanced Communication Systems and Information Security, ACOSIS 2016 - Proceedings},
    author = {Messaoud, Brahim I.D. and Guennoun, Karim and Wahbi, Mohamed and Sadik, Mohamed},
    isbn = {9781509062270},
    doi = {10.1109/ACOSIS.2016.7843932},
    keywords = {APT, Advanced Persistent Threat, SIEM, UBA, honeypots, sandboxing}
}

@article{PinoAdvancesCybersecurity,
    title = {{Advances in Information Security 55 Network Science and Cybersecurity}},
    author = {Pino, Robinson E}
}

@article{BaileyAdvancesMining,
    title = {{Advances in Knowledge Discovery and Data Mining}},
    journal = {Proceedings, Part II},
    author = {Bailey, James and Khan, Latifur and Washio, Takashi and Dobbie, Gillian and Huang, Joshua Zhexue and Wang, Ruili}
}

@article{Bergeron2016AdvancesMining,
    title = {{Advances in Knowledge Discovery and Data Mining}},
    year = {2016},
    author = {Bergeron, FrÃ©dÃ©ric and Bouchard, Kevin and Gaboury, SÃ©bastien and Giroux, Sylvain and Bouchard, Bruno},
    volume = {9652},
    url = {http://link.springer.com/10.1007/978-3-319-31750-2},
    isbn = {978-3-319-31749-6},
    doi = {10.1007/978-3-319-31750-2},
    keywords = {Decision tree {\textperiodcentered}, Indoor positioning {\textperiodcentered}, RFID {\textperiodcentered}, Random forest, Smart home {\textperiodcentered}}
}

@article{Zhou2016AdvancesMining,
    title = {{Advances in Knowledge Discovery and Data Mining}},
    year = {2016},
    author = {Zhou, Yan and Kantarcioglu, Murat},
    volume = {9652},
    url = {http://link.springer.com/10.1007/978-3-319-31750-2},
    isbn = {978-3-319-31749-6},
    doi = {10.1007/978-3-319-31750-2}
}

@article{LowdAdversarialRL,
    title = {{Adversarial Learning / RL}},
    author = {Lowd, Daniel and Meek, Christopher},
    url = {https://bit.ly/2u5KuI1}
}

@inproceedings{Sokolowski2016AgentThreat,
    title = {{Agent implementation for modeling insider threat}},
    year = {2016},
    booktitle = {Proceedings - Winter Simulation Conference},
    author = {Sokolowski, John A and Banks, Catherine M},
    pages = {266--275},
    volume = {2016-Febru},
    url = {https://dl-acm-org.prox.lib.ncsu.edu/citation.cfm?id=2888647},
    isbn = {9781467397438},
    doi = {10.1109/WSC.2015.7408170},
    issn = {08917736}
}

@inproceedings{Bailey2009AlDefenses,
    title = {{Al survey of botnet technology and defenses}},
    year = {2009},
    booktitle = {Proceedings - Cybersecurity Applications and Technology Conference for Homeland Security, CATCH 2009},
    author = {Bailey, Michel and Cooke, Evan and Jahanian, Farnam and Xu, Yunjing and Karir, Manish},
    isbn = {9780769535685},
    doi = {10.1109/CATCH.2009.40}
}

@inproceedings{Bailey2009AlDefensesb,
    title = {{Al survey of botnet technology and defenses}},
    year = {2009},
    booktitle = {Proceedings - Cybersecurity Applications and Technology Conference for Homeland Security, CATCH 2009},
    author = {Bailey, Michel and Cooke, Evan and Jahanian, Farnam and Xu, Yunjing and Karir, Manish},
    isbn = {9780769535685},
    doi = {10.1109/CATCH.2009.40}
}

@inproceedings{Liu2016AllUs,
    title = {{All Your DNS Records Point to Us}},
    year = {2016},
    booktitle = {Proceedings of the 2016 ACM SIGSAC Conference on Computer and Communications Security - CCS'16},
    author = {Liu, Daiping and Hao, Shuai and Wang, Haining},
    pages = {1414--1425},
    url = {https://www.eecis.udel.edu/~hnw/paper/ccs16a.pdf http://dl.acm.org/citation.cfm?doid=2976749.2978387},
    isbn = {9781450341394},
    doi = {10.1145/2976749.2978387},
    issn = {15437221},
    keywords = {DNS, Dangling records, Domain hijacking}
}

@inproceedings{Shen2013AllyTime,
    title = {{Ally friendly jamming: How to jam your enemy and maintain your own wireless connectivity at the same time}},
    year = {2013},
    booktitle = {Proceedings - IEEE Symposium on Security and Privacy},
    author = {Shen, Wenbo and Ning, Peng and He, Xiaofan and Dai, Huaiyu},
    isbn = {9780769549774},
    doi = {10.1109/SP.2013.22},
    issn = {10816011},
    keywords = {Wireless, friendly jamming, interference cancellation}
}

@inproceedings{Pasca2017AMPS:SDN,
    title = {{AMPS: Application aware multipath flow routing using machine learning in SDN}},
    year = {2017},
    booktitle = {2017 Twenty-third National Conference on Communications (NCC)},
    author = {Pasca, S Thomas Valerrian and Kodali, Siva Sairam Prasad and Kataoka, Kotaro},
    month = {3},
    pages = {1--6},
    publisher = {IEEE},
    url = {https://bit.ly/2tX0bC9},
    isbn = {978-1-5090-5356-8},
    doi = {10.1109/NCC.2017.8077095}
}

@article{Cho2015AnEvaluation,
    title = {{An acoustic data transmission system based on audio data hiding: method and performance evaluation}},
    year = {2015},
    journal = {EURASIP Journal on Audio, Speech, and Music Processing},
    author = {Cho, Kiho and Choi, Jae and Kim, Nam Soo},
    number = {1},
    month = {12},
    pages = {10},
    volume = {2015},
    publisher = {Springer International Publishing},
    url = {http://asmp.eurasipjournals.com/content/2015/1/10},
    doi = {10.1186/s13636-015-0053-x},
    issn = {1687-4722}
}

@article{Manadhata2011AnMetric,
    title = {{An attack surface metric}},
    year = {2011},
    journal = {IEEE Transactions on Software Engineering},
    author = {Manadhata, Pratyusa K. and Wing, Jeannette M.},
    isbn = {0098-5589 VO - 37},
    doi = {10.1109/TSE.2010.60},
    issn = {00985589},
    arxivId = {1206.5829},
    keywords = {Code design, Life cycle, Product metrics, Protection mechanisms, Risk mitigation, Software security}
}

@article{Holm2015AnSystem,
    title = {{An expert-based investigation of the Common Vulnerability Scoring System}},
    year = {2015},
    journal = {Computers and Security},
    author = {Holm, Hannes and Afridi, Khalid Khan},
    doi = {10.1016/j.cose.2015.04.012},
    issn = {01674048},
    keywords = {Common Vulnerability Scoring System, Cyber security, Expert judgment, Security metrics, Vulnerabilities}
}

@inproceedings{Kianmehr2012AnCyberinfrastructures,
    title = {{An incremental semi rule-based learning model for cybersecurity in cyberinfrastructures}},
    year = {2012},
    booktitle = {Proceedings - 2012 IEEE International Conference on Cyber Technology in Automation, Control, and Intelligent Systems, CYBER 2012},
    author = {Kianmehr, Keivan},
    isbn = {9781467314213},
    doi = {10.1109/CYBER.2012.6392538}
}

@article{Nugraha2017AnalysisCompany,
    title = {{Analysis of Knowledge Management Implementation Readiness in A Technology Services Company}},
    year = {2017},
    journal = {2017 3rd International Conference on Science in Information Technology (ICSITech)},
    author = {Nugraha, Prastyawan Aji and Budi, Indra},
    pages = {602--607},
    isbn = {9781509058648},
    keywords = {employees get things done, faster and easier and, help in, km, km readiness, knowledge management, problem in the organization, process, reliability and validity testing, that can help, when there is a}
}

@inproceedings{Jagadeesan2017Analytics-EnhancedNetworks,
    title = {{Analytics-Enhanced Automated Code Verification for Dependability of Software-Defined Networks}},
    year = {2017},
    booktitle = {2017 IEEE International Symposium on Software Reliability Engineering Workshops (ISSREW)},
    author = {Jagadeesan, Lalita J and Mendiratta, Veena},
    doi = {10.1109/ISSREW.2017.42}
}

@techreport{Cisco2017AnnualReport,
    title = {{Annual Cyber Security Report}},
    year = {2017},
    booktitle = {Cisco},
    author = {{Cisco}},
    pages = {110},
    url = {https://www.cisco.com/c/dam/m/digital/1198689/Cisco_2017_ACR_PDF.pdf},
    isbn = {9781107671812},
    doi = {10.1002/ejoc.201200111},
    issn = {0196-6553},
    pmid = {26840611},
    arxivId = {arXiv:1011.1669v3}
}

@misc{Spot2017ApacheSpot,
    title = {{Apache Spot}},
    year = {2017},
    author = {Spot, Apache},
    url = {https://bit.ly/2IWZXPO}
}

@inproceedings{Huang2017ApplicationResponses,
    title = {{Application identification system for SDN QoS based on machine learning and DNS responses}},
    year = {2017},
    booktitle = {19th Asia-Pacific Network Operations and Management Symposium: Managing a World of Things, APNOMS 2017},
    author = {Huang, Nen Fu and Li, Che Chuan and Li, Chi Hsuan and Chen, Chia Chi and Chen, Ching Hsuan and Hsu, I. Hsien},
    month = {9},
    pages = {407--410},
    publisher = {IEEE},
    url = {http://ieeexplore.ieee.org/document/8094160/},
    isbn = {9781538611012},
    doi = {10.1109/APNOMS.2017.8094160},
    keywords = {DNS, SDN, application identification, flow classification, machine learning}
}

@article{Razaghpanah2018AppsEcosystem,
    title = {{Apps, Trackers, Privacy, and Regulators A Global Study of the Mobile Tracking Ecosystem}},
    year = {2018},
    journal = {Ndss},
    author = {Razaghpanah, Abbas and Nithyanand, Rishab and Vallina-Rodriguez, Narseo and Sundaresan, Srikanth and Allman, Mark and Kreibich, Christian and Gill, Phillipa and Org Corelight, Icsi Mallman@icir and Org, Icsi Christian@icir},
    number = {February},
    url = {https://www.haystack.mobi/papers/ndss18_ats.pdf},
    isbn = {1-891562-49-5},
    doi = {10.14722/ndss.2018.23353}
}

@article{RussMcRee2007ArgusActivity,
    title = {{Argus - Auditing network activity}},
    year = {2007},
    journal = {ISSA Journal},
    author = {{Russ McRee}},
    url = {https://qosient.com/argus/index.shtml}
}

@incollection{Cao2018AssessingGraphs,
    title = {{Assessing Attack Impact on Business Processes by Interconnecting Attack Graphs and Entity Dependency Graphs}},
    year = {2018},
    author = {Cao, Chen and Yuan, Lun-Pin and Singhal, Anoop and Liu, Peng and Sun, Xiaoyan and Zhu, Sencun},
    month = {7},
    pages = {330--348},
    publisher = {Springer, Cham},
    url = {http://link.springer.com/10.1007/978-3-319-95729-6_21},
    doi = {10.1007/978-3-319-95729-6{\_}21}
}

@inproceedings{Lee2017Athena:Networks,
    title = {{Athena: A Framework for Scalable Anomaly Detection in Software-Defined Networks}},
    year = {2017},
    booktitle = {2017 47th Annual IEEE/IFIP International Conference on Dependable Systems and Networks (DSN)},
    author = {Lee, Seunghyeon and Kim, Jinwoo and Shin, Seungwon and Porras, Phillip and Yegneswaran, Vinod},
    month = {6},
    pages = {249--260},
    publisher = {IEEE},
    url = {https://bit.ly/2KV4HHx},
    isbn = {978-1-5386-0542-4},
    doi = {10.1109/DSN.2017.42}
}

@article{DarwishAttackDNP3,
    title = {{Attack Detection and Mitigation Techniques in Industrial Control System-Smart Grid DNP3}},
    author = {Darwish, Ihab and Saadawi, Tarek},
    doi = {10.1109/ICDIS.2018.00028},
    keywords = {DNP3, DoS, HIDS, MAP, MITM, SCADA, Smart-Grid, and Bayesian Estimates}
}

@article{Nguyen2017AttackingChain,
    title = {{Attacking Machine Learning models as part of a cyber kill chain}},
    year = {2017},
    author = {Nguyen, Tam N.},
    month = {5},
    url = {http://arxiv.org/abs/1705.00564},
    arxivId = {1705.00564}
}

@inproceedings{Malhotra2016AttackingProtocol,
    title = {{Attacking the Network Time Protocol}},
    year = {2016},
    booktitle = {Proceedings 2016 Network and Distributed System Security Symposium},
    author = {Malhotra, Aanchal and Cohen, Isaac E and Brakke, Erik and Goldberg, Sharon},
    url = {https://eprint.iacr.org/2015/1020.pdf http://www.ndss-symposium.org/wp-content/uploads/sites/25/2017/09/attacking-network-time-protocol.pdf},
    isbn = {1-891562-41-X},
    doi = {10.14722/ndss.2016.23090}
}

@inproceedings{Sheyner2002AutomatedGraphs,
    title = {{Automated generation and analysis of attack graphs}},
    year = {2002},
    booktitle = {Proceedings - IEEE Symposium on Security and Privacy},
    author = {Sheyner, O. and Haines, J. and Jha, S. and Lippmann, R. and Wing, J. M.},
    pages = {273--284},
    volume = {2002-Janua},
    isbn = {0769515436},
    doi = {10.1109/SECPRI.2002.1004377},
    issn = {10816011},
    pmid = {25246403},
    arxivId = {arXiv:1011.1669v3},
    keywords = {Privacy, Security}
}

@article{Aksu2018AutomatedNVD,
    title = {{Automated Generation of Attack Graphs Using NVD}},
    year = {2018},
    author = {Aksu, M Ugur and Bicakci, Kemal and Dilek, M Hadi and Murat Ozbayoglu, A and Ä°slam TatlÄ±, E},
    url = {https://doi.org/10.1145/3176258.3176339},
    doi = {10.1145/3176258.3176339},
    keywords = {CVE, CVSS, NVD, attack graph generation, vulnerability}
}

@article{GodefroidAutomatedTesting,
    title = {{Automated Whitebox Fuzz Testing}},
    author = {Godefroid, Patrice and Levin, Michael Y and Molnar, David},
    url = {https://www.microsoft.com/en-us/research/wp-content/uploads/2016/09/ndss2008-1.pdf}
}

@article{Schaad2012AutomatingAnalysis,
    title = {{Automating architectural security analysis}},
    year = {2012},
    journal = {Proceedings of the 17th ACM symposium on Access Control Models and Technologies},
    author = {Schaad, Andreas and Garaga, Alexandr},
    pages = {131--132},
    url = {http://doi.acm.org/10.1145/2295136.2295162%5Cnhttp://dl.acm.org/citation.cfm?doid=2295136.2295162},
    isbn = {978-1-4503-1295-0},
    doi = {10.1145/2295136.2295162},
    keywords = {architecture, coras, fmc, stride, tam, threat modelling}
}

@inproceedings{Shin2013AVANT-GUARD,
    title = {{AVANT-GUARD}},
    year = {2013},
    booktitle = {Proceedings of the 2013 ACM SIGSAC conference on Computer {\&} communications security - CCS '13},
    author = {Shin, Seungwon and Yegneswaran, Vinod and Porras, Phillip and Gu, Guofei},
    pages = {413--424},
    url = {https://bit.ly/2lZwWtY},
    isbn = {9781450324779},
    doi = {10.1145/2508859.2516684},
    issn = {15437221},
    keywords = {OpenFlow, control plane satura-tion attack, security and resilience}
}

@article{Trevisan2018AWESoME:SDN,
    title = {{AWESoME: Big Data for Automatic Web Service Management in SDN}},
    year = {2018},
    journal = {IEEE Transactions on Network and Service Management},
    author = {Trevisan, Martino and Drago, Idilio and Mellia, Marco and Song, Han Hee and Baldi, Mario},
    number = {1},
    month = {3},
    pages = {13--26},
    volume = {15},
    url = {https://bit.ly/2tXICBM},
    doi = {10.1109/TNSM.2017.2785878},
    issn = {1932-4537}
}

@book{Falter2012BedsideICU,
    title = {{Bedside procedures in the ICU}},
    year = {2012},
    booktitle = {Bedside Procedures in the ICU},
    author = {Falter, Florian},
    editor = {Falter, Florian},
    pages = {1--210},
    publisher = {Springer London},
    url = {http://link.springer.com/10.1007/978-1-4471-2259-3},
    address = {London},
    isbn = {9781447122593},
    doi = {10.1017/9781447122593},
    issn = {1098-6596},
    pmid = {25246403},
    arxivId = {arXiv:1011.1669v3}
}

@article{Hor2016BeyondTable1,
    title = {{Beyond hand hygiene: a qualitative study of the everyday work of preventing cross-contamination on hospital wards: TableÂ 1}},
    year = {2016},
    journal = {doi.org},
    author = {Hor, Su-yin and Hooker, Claire and Iedema, Rick and Wyer, Mary and Gilbert, Gwendolyn L and Jorm, Christine and O'Sullivan, Matthew Vincent Neil},
    month = {11},
    pages = {2016--005878},
    publisher = {BMJ},
    url = {https://goo.gl/xsf1ey},
    doi = {10.1136/bmjqs-2016-005878},
    pmid = {27903757},
    keywords = {Clinical practice guidelines, Complexity, Infection control, Patient safety, Qualitative research}
}

@article{Yang2005Beyond2,
    title = {{Beyond stack smashing [2]}},
    year = {2005},
    journal = {IEEE Security and Privacy},
    author = {Yang, Wang},
    number = {6},
    pages = {5},
    volume = {3},
    url = {https://kapravelos.com/teaching/csc591-f17/readings/pincus.pdf},
    doi = {10.1109/MSP.2005.151},
    issn = {15407993}
}

@article{Rein2016BigScience.,
    title = {{Big data and tactical analysis in elite soccer: future challenges and opportunities for sports science.}},
    year = {2016},
    journal = {SpringerPlus},
    author = {Rein, Robert and Memmert, Daniel},
    number = {1},
    pages = {1410},
    volume = {5},
    publisher = {Springer},
    url = {http://www.ncbi.nlm.nih.gov/pubmed/27610328 http://www.pubmedcentral.nih.gov/articlerender.fcgi?artid=PMC4996805},
    doi = {10.1186/s40064-016-3108-2},
    pmid = {27610328},
    keywords = {Big data, Deep learning, Machine learning, Neural networks, Quantified self, Simulation, Spatiotemporal data, Sports analytics, Sports performance}
}

@article{Dietzel2016BlackholingWild,
    title = {{Blackholing at IXPs: On the effectiveness of DDoS mitigation in the wild}},
    year = {2016},
    journal = {Lecture Notes in Computer Science (including subseries Lecture Notes in Artificial Intelligence and Lecture Notes in Bioinformatics)},
    author = {Dietzel, Christoph and Feldmann, Anja and King, Thomas},
    pages = {319--332},
    volume = {9631},
    url = {https://www.net.t-labs.tu-berlin.de/papers/DFK-BIXPO-16.pdf},
    isbn = {9783319305042},
    doi = {10.1007/978-3-319-30505-9{\_}24},
    issn = {16113349},
    keywords = {PDF Metadata}
}

@article{Gu2007BotHunter:Correlation,
    title = {{BotHunter: detecting malware infection through IDS-driven dialog correlation}},
    year = {2007},
    journal = {USENIX Security '07 Proceedings of the 16th USENIX Security Symposium},
    author = {Gu, Guofei and Porras, Phillip and Yegneswaran, Vinod and Fong, Martin and Lee, Wenke},
    pages = {12},
    volume = {7},
    url = {http://dl.acm.org/citation.cfm?id=1362903.1362915},
    isbn = {111-333-5555-77-9},
    doi = {10.1.1.135.8028},
    issn = {15407993}
}

@misc{Gu2008BotMiner:Detection,
    title = {{BotMiner: clustering analysis of network traffic for protocol- and structure-independent botnet detection}},
    year = {2008},
    booktitle = {SS'08: Proceedings of the 17th conference on Security symposium},
    author = {Gu, Guofei and Perdisci, Roberto and Zhang, Junjie and Lee, Wenke},
    pages = {139--154},
    url = {https://www.usenix.org/legacy/event/sec08/tech/full_papers/gu/gu_html/index.html},
    isbn = {978-1-931971-60-7},
    doi = {10.1.1.144.5167},
    keywords = {Clustering, botnet detection, impreso, network behavior analysis}
}

@article{Gu2008BotMiner:Detectionb,
    title = {{BotMiner: clustering analysis of network traffic for protocol- and structure-independent botnet detection}},
    year = {2008},
    journal = {SS'08: Proceedings of the 17th conference on Security symposium},
    author = {Gu, Guofei and Perdisci, Roberto and Zhang, Junjie and Lee, Wenke},
    pages = {139--154},
    isbn = {978-1-931971-60-7},
    doi = {10.1.1.144.5167},
    keywords = {Clustering, botnet detection, impreso, network behavior analysis}
}

@article{Zeidanloo2010BotnetPatterns,
    title = {{Botnet Detection by Monitoring Similar Communication Patterns}},
    year = {2010},
    journal = {International Journal of Computer Science and Information Security},
    author = {Zeidanloo, Hossein Rouhani and Manaf, Azizah Bt Abdul},
    number = {3},
    month = {4},
    pages = {36--45},
    volume = {7},
    url = {http://arxiv.org/abs/1004.1232},
    issn = {19475500},
    arxivId = {1004.1232},
    keywords = {bot, botnet, centralized, decentralized, p2p, similar}
}

@inproceedings{Zhaosheng2008BotnetSurvey,
    title = {{Botnet research survey}},
    year = {2008},
    booktitle = {Proceedings - International Computer Software and Applications Conference},
    author = {Zhaosheng, Zhu and Zhi, Judy Fu and Guohan, Lu and Phil, Roberts and Yan, Chen and Keesook, Han},
    isbn = {9780769532622},
    doi = {10.1109/COMPSAC.2008.205},
    issn = {07303157}
}

@article{Gu2008BotSnifferTraffic,
    title = {{BotSniffer : Detecting Botnet Command and Control Channels in Network Traffic}},
    year = {2008},
    journal = {Proceedings of the 15th Annual Network and Distributed System Security Symposium.},
    author = {Gu, Guofei and Zhang, Junjie and Lee, Wenke},
    number = {1},
    pages = {1--13},
    volume = {53},
    url = {http://citeseerx.ist.psu.edu/viewdoc/download?doi=10.1.1.110.8092&amp;rep=rep1&amp;type=pdf},
    doi = {10.1.1.110.8092},
    issn = {03601315},
    keywords = {BotSniffer, botnet, command channels, control channels, detection, malware, network security, network traffic}
}

@article{Gu2008BotSnifferTrafficb,
    title = {{BotSniffer : Detecting Botnet Command and Control Channels in Network Traffic}},
    year = {2008},
    journal = {Proceedings of the 15th Annual Network and Distributed System Security Symposium.},
    author = {Gu, Guofei and Zhang, Junjie and Lee, Wenke},
    doi = {10.1.1.110.8092},
    issn = {03601315},
    keywords = {BotSniffer, botnet, command channels, control channels, detection, malware, network security, network traffic}
}

@article{RupprechtBreakingTwo,
    title = {{Breaking LTE on Layer Two}},
    author = {Rupprecht, David and Kohls, Katharina and Holz, Thorsten and P{\"{o}}pper, Christina},
    url = {https://alter-attack.net/media/breaking_lte_on_layer_two.pdf}
}

@article{Nelien2004BufferDummies,
    title = {{Buffer Overflows for Dummies}},
    year = {2004},
    author = {Neli{\ss}en, Josef},
    pages = {1- 11},
    url = {https://www.sans.org/reading-room/whitepapers/threats/buffer-overflows-dummies-481}
}

@article{AnuragBuildingSteps,
    title = {{Building a Mature, Enterprise-Level Threat Modeling Process in 7 Easy Steps Chief Technical Architect of ThreatModeler Building a Mature, Enterprise-Level Threat Modeling Process in 7 Easy Steps}},
    author = {{Anurag} and Agarwal, Archie "},
    url = {http://threatmodeler.com/wp-content/uploads/2017/02/Building-a-Mature-Enterprise-Level-Threat-Modeling-Practice-in-7-Easy-Steps.pdf}
}

@article{KorczynskiCapturingAAacks,
    title = {{Capturing Malware Propagations with Code Injections and Code-Reuse AAacks}},
    author = {Korczynski, David and Yin, Heng},
    url = {https://acmccs.github.io/papers/p1691-korczynskiA.pdf},
    keywords = {Code Injection, Malware, Security, Taint Analysis}
}

@article{Ford2006CentHurts,
    title = {{Cent, five cent, ten cent, dollar: hitting botnets where it really hurts}},
    year = {2006},
    journal = {Proceedings of the 2006 workshop on New security paradigms},
    author = {Ford, R and Gordon, S},
    pages = {3--10},
    url = {http://portal.acm.org/citation.cfm?id=1278942%5Cnpapers://9934fd52-194f-4a2f-b130-d9de48bdab09/Paper/p89},
    isbn = {9781595938572},
    doi = {http://doi.acm.org/10.1145/1278940.1278942},
    keywords = {adware, business models, malicious code, spyware, virus}
}

@article{Rahalkar2016CertifiedGuide,
    title = {{Certified Ethical Hacker (CEH) Foundation Guide}},
    year = {2016},
    author = {Rahalkar, Sagar Ajay},
    url = {http://link.springer.com/10.1007/978-1-4842-2325-3},
    isbn = {978-1-4842-2324-6},
    doi = {10.1007/978-1-4842-2325-3}
}

@inproceedings{Pereira2017ChallengesCurriculum,
    title = {{Challenges and reflections in designing Cyber security curriculum}},
    year = {2017},
    booktitle = {EDUNINE 2017 - IEEE World Engineering Education Conference: Engineering Education - Balancing Generalist and Specialist Formation in Technological Carriers: A Current Challenge, Proceedings},
    author = {Pereira, Teresa and Santos, Henrique and Mendes, Isabel},
    isbn = {9781509048861},
    doi = {10.1109/EDUNINE.2017.7918179},
    keywords = {Curriculum, Curriculum Development, Cyberattacks, Cyberdefense, Cybersecurity, Cybersecurity Body of Knoweledge, Cybersecurity training, Information Security}
}

@inproceedings{Abi-Antoun2007CheckingSecurity,
    title = {{Checking threat modeling data flow diagrams for implementation conformance and security}},
    year = {2007},
    booktitle = {Proceedings of the twenty-second IEEE/ACM international conference on Automated software engineering - ASE '07},
    author = {Abi-Antoun, Marwan and Wang, Daniel and Torr, Peter},
    pages = {393},
    url = {http://portal.acm.org/citation.cfm?doid=1321631.1321692},
    isbn = {9781595938824},
    doi = {10.1145/1321631.1321692}
}

@article{CISSP-ExamGuide,
    title = {{CISSP-ExamGuide}}
}

@techreport{Rahman2017ClassificationCommunication,
    title = {{Classification and analysis of security attacks in near field communication}},
    year = {2017},
    booktitle = {International Journal of Business {\&} Cyber Security (IJBCS)},
    author = {Rahman, Musfiq and Elmiligi, Haytham},
    number = {2},
    volume = {1},
    publisher = {ABRM},
    url = {www.ijbcs.abrmr.com}
}

@article{Horton2014ClassificationData,
    title = {{Classification of Passes in Football Matches using Spatiotemporal Data}},
    year = {2014},
    author = {Horton, Michael and Gudmundsson, Joachim and Chawla, Sanjay and Estephan, JoÃ«l},
    month = {7},
    url = {http://arxiv.org/abs/1407.5093%0Ahttp://dx.doi.org/10.1145/3105576},
    doi = {10.1145/3105576},
    issn = {23740353},
    arxivId = {1407.5093}
}

@inproceedings{Shin2012CloudWatcher:Clouds,
    title = {{CloudWatcher: Network security monitoring using OpenFlow in dynamic cloud networks (or: How to provide security monitoring as a service in clouds?)}},
    year = {2012},
    booktitle = {Proceedings - International Conference on Network Protocols, ICNP},
    author = {Shin, Seungwon and Gu, Guofei},
    isbn = {9781467324472},
    doi = {10.1109/ICNP.2012.6459946},
    issn = {10921648}
}

@article{Lu2011ClusteringSelection,
    title = {{Clustering botnet communication traffic based on n-gram feature selection}},
    year = {2011},
    journal = {Computer Communications},
    author = {Lu, Wei and Rammidi, Goaletsa and Ghorbani, Ali A.},
    number = {3},
    month = {3},
    pages = {502--514},
    volume = {34},
    publisher = {Elsevier Science Publishers B. V.},
    url = {http://linkinghub.elsevier.com/retrieve/pii/S0140366410001751},
    doi = {10.1016/j.comcom.2010.04.007},
    issn = {01403664},
    keywords = {Botnet detection, Clustering, Machine learning}
}

@inproceedings{BenYahia2017CogNitiveOperations,
    title = {{CogNitive 5G networks: Comprehensive operator use cases with machine learning for management operations}},
    year = {2017},
    booktitle = {2017 20th Conference on Innovations in Clouds, Internet and Networks (ICIN)},
    author = {Ben Yahia, Imen Grida and Bendriss, Jaafar and Samba, Alassane and Dooze, Philippe},
    month = {3},
    pages = {252--259},
    publisher = {IEEE},
    url = {http://ieeexplore.ieee.org/document/7899421/},
    isbn = {978-1-5090-3672-1},
    doi = {10.1109/ICIN.2017.7899421}
}

@article{Palmer2016CognitiveActions,
    title = {{Cognitive Cyber Security Assistants â€“ Computationally Deriving Cyber Intelligence and Course of Actions}},
    year = {2016},
    author = {Palmer, Charles and Angelelli, Lee and Linton, Jeb and Singh, Harmeet and Muresan, Michael},
    keywords = {Technical Report FS-16-02}
}

@article{DahmaneCombatingData,
    title = {{Combating Insider Threats by User Profiling from Activity Logging Data}},
    author = {Dahmane, Mohamed and Foucher, Samuel},
    url = {https://federaltechnologyinsider.com/insider-threat-understanding-cyber-},
    doi = {10.1109/ICDIS.2018.00039},
    keywords = {Index Terms-Cybersecurity, Markov chain, anomaly detection, clustering, insider threats}
}

@article{Hoare1978CommunicatingProcesses,
    title = {{Communicating sequential processes}},
    year = {1978},
    journal = {Communications of the ACM},
    author = {Hoare, C. A. R.},
    number = {8},
    pages = {666--677},
    volume = {21},
    url = {http://portal.acm.org/citation.cfm?doid=359576.359585},
    isbn = {0131532715},
    doi = {10.1145/359576.359585},
    issn = {00010782},
    pmid = {2142694823583477576}
}

@article{MarinCommunityMarketplaces,
    title = {{Community Finding of Malware and Exploit Vendors on Darkweb Marketplaces}},
    author = {Marin, Ericsson and Almukaynizi, Mohammed and Nunes, Eric and Shakarian, Paulo},
    doi = {10.1109/ICDIS.2018.00019}
}

@article{ComputerEdition,
    title = {{Computer Networks - A Tanenbaum - 5th edition}},
    isbn = {9780132126953}
}

@article{Cichonski2012ComputerTechnology,
    title = {{Computer Security Incident Handling Guide : Recommendations of the National Institute of Standards and Technology}},
    year = {2012},
    author = {Cichonski, Paul and Millar, Tom and Grance, Tim and Scarfone, Karen},
    url = {http://nvlpubs.nist.gov/nistpubs/SpecialPublications/NIST.SP.800-61r2.pdf},
    doi = {10.6028/NIST.SP.800-61r2},
    keywords = {Computer security incident, incident handling, incident response, threats, vulnerabilities}
}

@inproceedings{Last2017ConsensusSecurity,
    title = {{Consensus forecasting of zero-day vulnerabilities for network security}},
    year = {2017},
    booktitle = {Proceedings - International Carnahan Conference on Security Technology},
    author = {Last, David},
    isbn = {9781509010707},
    doi = {10.1109/CCST.2016.7815718},
    issn = {10716572},
    keywords = {network security, vulnerability forecasting, zero-day vulnerability}
}

@article{Liu2017ContentSDN,
    title = {{Content Popularity Prediction and Caching for ICN: A Deep Learning Approach with SDN}},
    year = {2017},
    journal = {IEEE Access},
    author = {Liu, Wai Xi and Zhang, Jie and Liang, Zhong Wei and Peng, Ling Xi and Cai, Jun},
    pages = {5075--5089},
    volume = {6},
    url = {https://bit.ly/2KDyBnF},
    doi = {10.1109/ACCESS.2017.2781716},
    issn = {21693536},
    keywords = {Information-centric networking, SDN, caching scheme, content popularity prediction, deep learning}
}

@article{Abadi2005Control-flowIntegrity,
    title = {{Control-flow integrity}},
    year = {2005},
    journal = {Proceedings of the 12th ACM conference on Computer and communications security  - CCS '05},
    author = {Abadi, MartÃ­n and Budiu, Mihai and Erlingsson, Ãšlfar and Ligatti, Jay},
    pages = {340},
    url = {http://portal.acm.org/citation.cfm?doid=1102120.1102165},
    isbn = {1595932267},
    doi = {10.1145/1102120.1102165},
    issn = {10949224},
    pmid = {3112522},
    arxivId = {arXiv:1602.04056v2},
    keywords = {Control-Flow Graph, D24 [Software Engineering], D46 [Operating Systems], Inlined Reference Moni-tors, Languages, Processors, Security and Protection General Terms Security, Software/Program Verification, Verification Keywords Binary Rewriting, Vulnerabilities}
}

@inproceedings{Zaytsev2017CriticalThreats,
    title = {{Critical Analysis in the Research Area of Insider Threats}},
    year = {2017},
    booktitle = {2017 IEEE 5th International Conference on Future Internet of Things and Cloud (FiCloud)},
    author = {Zaytsev, Anton and Malyuk, Anatoly and Miloslavskaya, Natalia},
    isbn = {978-1-5386-2074-8},
    doi = {10.1109/FiCloud.2017.16}
}

@inproceedings{Mead2017CrowdModeling,
    title = {{Crowd Sourcing the Creation of Personae Non Gratae for Requirements-Phase Threat Modeling}},
    year = {2017},
    booktitle = {Proceedings - 2017 IEEE 25th International Requirements Engineering Conference, RE 2017},
    author = {Mead, Nancy and Shull, Forrest and Spears, Janine and Heibl, Stefan and Weber, Sam and Cleland-Huang, Jane},
    isbn = {9781538631911},
    doi = {10.1109/RE.2017.63},
    keywords = {Personae non gratae, Security Requirements, Threat Modeling}
}

@misc{CSRCCSRC,
    title = {{CSRC Topics - modeling | CSRC}},
    url = {https://csrc.nist.gov/Topics/Security-and-Privacy/security-measurement/modeling}
}

@article{Mukhopadhyay2017CyberInsurance,
    title = {{Cyber Risk Assessment and Mitigation (CRAM) Framework Using Logit and Probit Models for Cyber Insurance}},
    year = {2017},
    journal = {Information Systems Frontiers},
    author = {Mukhopadhyay, Arunabha and Chatterjee, Samir and Bagchi, Kallol K. and Kirs, Peteer J. and Shukla, Girja K.},
    pages = {1--22},
    url = {https://link.springer.com/content/pdf/10.1007%2Fs10796-017-9808-5.pdf},
    isbn = {1387-3326},
    doi = {10.1007/s10796-017-9808-5},
    issn = {15729419},
    keywords = {Cyber insurance, Cyber-risk quantification, E-commerce, IS security, Logit and probit models, Security breach, Self-insurance}
}

@article{Khan2010CyberModel,
    title = {{Cyber Security Quantification Model}},
    year = {2010},
    journal = {Bahria University Journal of Information amp; Communication Technologies VO - 3},
    author = {Khan, M Asif and Hussain, Mureed},
    number = {1},
    pages = {39},
    url = {http://libproxy.albany.edu/login?url=http://search.ebscohost.com/login.aspx?direct=true&db=edsarl&AN=edsarl.19994974.201001.201408050029.201408050029.39.44&site=eds-live&scope=site},
    isbn = {9781450302340},
    doi = {10.1145/1854099.1854130},
    issn = {1999-4974, 1999-4974},
    keywords = {Attacks, Cyber Security, Quantification Model, Threats}
}

@article{AlMazari2016CyberTaxonomies,
    title = {{Cyber Terrorism Taxonomies}},
    year = {2016},
    journal = {International Journal of Cyber Warfare and Terrorism},
    author = {Al Mazari, Ali and Anjariny, Ahmed H. and Habib, Shakeel A. and Nyakwende, Emmanuel},
    isbn = {9781910810286},
    doi = {10.4018/IJCWT.2016010101},
    issn = {1947-3435}
}

@misc{Marotta2017Cyber-insuranceSurvey,
    title = {{Cyber-insurance survey}},
    year = {2017},
    booktitle = {Computer Science Review},
    author = {Marotta, Angelica and Martinelli, Fabio and Nanni, Stefano and Orlando, Albina and Yautsiukhin, Artsiom},
    pages = {35--61},
    volume = {24},
    url = {https://ac-els-cdn-com.prox.lib.ncsu.edu/S1574013716301137/1-s2.0-S1574013716301137-main.pdf?_tid=ab1b5785-0a40-4766-9b07-17cb4229ade0&acdnat=1525561631_cd33319480f3343604f1263098dbd27c},
    isbn = {1574-0137},
    doi = {10.1016/j.cosrev.2017.01.001},
    issn = {15740137},
    keywords = {Cyber insurance, Risk management, Security}
}

@inproceedings{Bridges2018CybersecurityExtractors,
    title = {{Cybersecurity automated information extraction techniques: Drawbacks of current methods, and enhanced extractors}},
    year = {2018},
    booktitle = {Proceedings - 16th IEEE International Conference on Machine Learning and Applications, ICMLA 2017},
    author = {Bridges, Robert A. and Huffer, Kelly M.T. and Jones, Corinne L. and Iannacone, Michael D. and Goodall, John R.},
    isbn = {9781538614174},
    doi = {10.1109/ICMLA.2017.0-122},
    keywords = {cybersecurity, entity extraction, information extraction, machine learning}
}

@inproceedings{Rajamaki2018CybersecurityEF,
    title = {{Cybersecurity education and training in hospitals: Proactive resilience educational framework (Prosilience EF)}},
    year = {2018},
    booktitle = {IEEE Global Engineering Education Conference, EDUCON},
    author = {Rajamaki, Jyri and Nevmerzhitskaya, Julia and Virag, Csaba},
    isbn = {9781538629574},
    doi = {10.1109/EDUCON.2018.8363488},
    issn = {21659567},
    keywords = {cybersecurity, cybersecurity education, cybersecurity training, eHealth, resilience}
}

@article{Cai2017CybersecurityCase-Driven,
    title = {{Cybersecurity Should be Taught Top-Down and Case-Driven}},
    year = {2017},
    author = {Cai, Yu and Arney, Todd},
    url = {https://doi.org/10.1145/3125659.3125687},
    doi = {10.1145/3125659.3125687},
    keywords = {Computer network security, cyber security, security education}
}

@inproceedings{Thomas2017DataCredentials,
    title = {{Data Breaches, Phishing, or Malware? Understanding the Risks of Stolen Credentials}},
    year = {2017},
    booktitle = {CCS' 17 (ACM Conference on Computer and Communications Security)},
    author = {Thomas, Kurt and Li, Frank and Zand, Ali and Barrett, Jacob and Ranieri, Juri and Invernizzi, Luca and Markov, Yarik and Comanescu, Oxana and Eranti, Vijay and Moscicki, Angelika and Margolis, Daniel and Paxson, Vern and Bursztein, Elie},
    pages = {1421--1434},
    url = {https://static.googleusercontent.com/media/research.google.com/en//pubs/archive/46437.pdf http://dl.acm.org/citation.cfm?doid=3133956.3134067%0Ahttps://static.googleusercontent.com/media/research.google.com/en//pubs/archive/46437.pdf},
    isbn = {9781450349468},
    doi = {10.1145/3133956.3134067},
    issn = {15437221}
}

@inproceedings{Sillaber2016DataPractice,
    title = {{Data Quality Challenges and Future Research Directions in Threat Intelligence Sharing Practice}},
    year = {2016},
    booktitle = {Proceedings of the 2016 ACM on Workshop on Information Sharing and Collaborative Security - WISCS'16},
    author = {Sillaber, Christian and Sauerwein, Clemens and Mussmann, Andrea and Breu, Ruth},
    pages = {65--70},
    url = {http://dl.acm.org/citation.cfm?doid=2994539.2994546},
    isbn = {9781450345651},
    doi = {10.1145/2994539.2994546}
}

@article{Woeltje2014DataInfections,
    title = {{Data Requirements for Electronic Surveillance of Healthcare-Associated Infections}},
    year = {2014},
    journal = {Source: Infection Control and Hospital Epidemiology Infect Control Hosp Epidemiol},
    author = {Woeltje, Keith F and Lin MPH, Michael Y and Klompas MPH, Michael and Oliver Wright MS CIC, Marc MT and Zuccotti MPH, Gianna and Trick, William E and Lin, Michael Y and Klompas, Michael and Oliver Wright, Marc and Zuccotti, Gianna},
    number = {99},
    pages = {1083--1091},
    volume = {3535},
    url = {http://www.jstor.org/stable/10.1086/677623},
    doi = {10.1086/677623}
}

@article{Breul2010DeadlyEncounters,
    title = {{Deadly Calls and Fatal Encounters}},
    year = {2010},
    author = {Breul, Nick and Keith, Mike},
    url = {http://www.nleomf.org/assets/pdfs/officer-safety/Primary_Research_Final_11-0_updated_8_31_16.pdf}
}

@article{HitajDeepCONCEPTS,
    title = {{Deep Models Under the GAN: Information Leakage from Collaborative Deep Learning CCS CONCEPTS}},
    author = {Hitaj, Briland and Ateniese, Giuseppe and Perez-Cruz, Fernando},
    url = {https://doi.org/10.1145/3133956.3134012},
    doi = {10.1145/3133956.3134012},
    keywords = {Collaborative learning, Deep learning, Privacy, Security}
}

@techreport{Riglietti2017DefiningTomorrow,
    title = {{Defining the threat: what cyber terrorism means today and what it could mean tomorrow}},
    year = {2017},
    booktitle = {International Journal of Business {\&} Cyber Security (IJBCS)},
    author = {Riglietti, Gianluca},
    volume = {1},
    publisher = {ABRM},
    url = {www.ijbcs.abrmr.com}
}

@inproceedings{Strayer2006DetectingControl,
    title = {{Detecting botnets with tight command and control}},
    year = {2006},
    booktitle = {Proceedings - Conference on Local Computer Networks, LCN},
    author = {Strayer, W. Timothy and Walsh, Robert and Livadas, Carl and Lapsley, David},
    isbn = {1424404185},
    doi = {10.1109/LCN.2006.322100},
    issn = {0742-1303},
    pmid = {21136432}
}

@inproceedings{Strayer2006DetectingControlb,
    title = {{Detecting Botnets with Tight Command and Control}},
    year = {2006},
    booktitle = {Proceedings. 2006 31st IEEE Conference on Local Computer Networks},
    author = {Strayer, W. and Walsh, Robert and Livadas, Carl and Lapsley, David},
    month = {11},
    pages = {195--202},
    publisher = {IEEE},
    url = {http://ieeexplore.ieee.org/document/4116547/},
    isbn = {1-4244-0418-5},
    doi = {10.1109/LCN.2006.322100},
    issn = {0742-1303}
}

@article{Saad2011DetectingRegion,
    title = {{Detecting P2P Botnets through Network Behavior Analysis and Machine Learning RCMP Atlantic Region}},
    year = {2011},
    author = {Saad, Sherif and Traore, Issa and Ghorbani, Ali and Sa, Bassam and Zhao, David and Lu, Wei and Felix, John}
}

@article{SiadatiDetectingNetworks,
    title = {{Detecting Structurally Anomalous Logins Within Enterprise Networks}},
    author = {Siadati, Hossein and Memon, Nasir},
    url = {https://acmccs.github.io/papers/p1273-siadatiA.pdf},
    doi = {10.1145/3133956.3134003},
    keywords = {Anomalous Logins, Network Lateral Movement, Pattern Mining}
}

@article{Cao2017DeterministicBrowser,
    title = {{Deterministic Browser}},
    year = {2017},
    author = {Cao, Yinzhi and Chen, Zhanhao and Li, Song and Wu, Shujiang},
    url = {http://arxiv.org/abs/1708.06774},
    isbn = {9781450349468},
    doi = {10.1145/3133956.3133996},
    issn = {15437221},
    arxivId = {1708.06774},
    keywords = {KEYWORDS Determinism, Timing Side-channel Attack, Web Browser, Web application security}
}

@article{Dhillon2011Developer-drivenTrenches,
    title = {{Developer-driven threat modeling: Lessons learned in the trenches}},
    year = {2011},
    journal = {IEEE Security and Privacy},
    author = {Dhillon, Danny},
    number = {4},
    pages = {41--47},
    volume = {9},
    url = {http://msdn.microsoft.com/en-us/library/ff648644.aspx},
    isbn = {1540-7993},
    doi = {10.1109/MSP.2011.47},
    issn = {15407993},
    keywords = {Secure design, application security, risk analysis, secure architecture, security development life cycle, software security, threat modeling}
}

@article{Dugan2000DevelopingAnalysis,
    title = {{Developing a low-cost high-quality software tool for dynamic fault-tree analysis}},
    year = {2000},
    journal = {IEEE Transactions on Reliability},
    author = {Dugan, Joanne Bechta and Sullivan, Kevin J. and Coppit, David},
    number = {1},
    pages = {49--59},
    volume = {49},
    isbn = {0018-9529 VO - 49},
    doi = {10.1109/24.855536},
    issn = {00189529}
}

@article{Dahlgren2017DHSFINAL,
    title = {{DHS Study on Mobile Device Security - April 2017 - FINAL}},
    year = {2017},
    author = {{Dahlgren} and {Robin}},
    url = {https://www.dhs.gov/sites/default/files/publications/DHS Study on Mobile Device Security - April 2017-FINAL.pdf}
}

@inproceedings{Huang2015Difficulty-levelTraining,
    title = {{Difficulty-level metric for cyber security training}},
    year = {2015},
    booktitle = {2015 IEEE International Multi-Disciplinary Conference on Cognitive Methods in Situation Awareness and Decision, CogSIMA 2015},
    author = {Huang, Zequn and Shen, Chien Chung and Doshiy, Sheetal and Thomasy, Nimmi and Duong, Ha},
    isbn = {9781479980154},
    doi = {10.1109/COGSIMA.2015.7108194},
    keywords = {Attack Graph, Bayesian Reasoning, Cyber Security, Difficulty-Level, Security Training System}
}

@inproceedings{Jamjoom2014DontMiddlepipes,
    title = {{Don't call them middleboxes, call them middlepipes}},
    year = {2014},
    booktitle = {Proceedings of the third workshop on Hot topics in software defined networking - HotSDN '14},
    author = {Jamjoom, Hani and Williams, Dan and Sharma, Upendra},
    pages = {19--24},
    url = {https://bit.ly/2lYiAKp},
    isbn = {9781450329897},
    doi = {10.1145/2620728.2620760},
    keywords = {Cloud Computing, Network Architecture and Design Keywords Middlebox, Network Function Virtualization, Platform as a Service}
}

@article{Black2016DramaticallyVulnerabilities,
    title = {{Dramatically Reducing Software Vulnerabilities}},
    year = {2016},
    author = {Black, Paul E and Badger, Lee and Guttman, Barbara and Fong, Elizabeth},
    url = {http://nvlpubs.nist.gov/nistpubs/ir/2016/NIST.IR.8151.pdf},
    doi = {10.6028/NIST.IR.8151},
    keywords = {Measurement, metrics, reduce software vulnerability, security vulnerabilities, software assurance, software measures}
}

@inproceedings{Bhunia2017DynamicSDN,
    title = {{Dynamic attack detection and mitigation in IoT using SDN}},
    year = {2017},
    booktitle = {2017 27th International Telecommunication Networks and Applications Conference (ITNAC)},
    author = {Bhunia, Suman Sankar and Gurusamy, Mohan},
    month = {11},
    pages = {1--6},
    publisher = {IEEE},
    url = {https://bit.ly/2KylAM5},
    isbn = {978-1-5090-6796-1},
    doi = {10.1109/ATNAC.2017.8215418}
}

@inproceedings{Urias2017DynamicWorkforce,
    title = {{Dynamic cybersecurity training environments for an evolving cyber workforce}},
    year = {2017},
    booktitle = {2017 IEEE International Symposium on Technologies for Homeland Security, HST 2017},
    author = {Urias, Vincent E. and Leeuwen, Brian Van and Stout, William M.S. and Lin, Han W.},
    isbn = {9781509063567},
    doi = {10.1109/THS.2017.7943509}
}

@article{ECE570_Midterm_Spring_2017_Session2,
    title = {{ECE570{\_}Midterm{\_}Spring{\_}2017{\_}Session2}}
}

@article{Allodi2017EconomicExploitation,
    title = {{Economic Factors of Vulnerability Trade and Exploitation}},
    year = {2017},
    author = {Allodi, Luca},
    url = {http://arxiv.org/abs/1708.04866%0Ahttp://dx.doi.org/10.1145/3133956.3133960},
    isbn = {9781450349468},
    doi = {10.1145/3133956.3133960},
    issn = {15437221},
    arxivId = {1708.04866},
    keywords = {Cybercrime, exploit and vulnerability trade, security economics}
}

@article{Bohme2008EconomicMetrics,
    title = {{Economic security metrics}},
    year = {2008},
    journal = {Dependability Metrics: Advanced Lectures},
    author = {B{\"{o}}hme, Rainer and Nowey, Thomas and Boehme, Rainer},
    pages = {176--187},
    volume = {4909}
}

@article{AlBalushiEconomicsForward,
    title = {{Economics of Cyber Security and the Way Forward}},
    journal = {International Journal of Cyber Warfare and Terrorism},
    author = {Al Balushi, Taiseera and Ali, Saqib},
    volume = {6},
    url = {https://tripsaver.lib.ncsu.edu/illiad.dll?Action=10&Form=75&Value=1026237},
    doi = {10.4018/IJCWT.2016100104},
    keywords = {Cyber-Attacks, Economic Impact, ICT, Security, Threat}
}

@inproceedings{Stabler2012ElasticOpenFlow,
    title = {{Elastic IP and security groups implementation using OpenFlow}},
    year = {2012},
    booktitle = {Proceedings of the 6th international workshop on Virtualization Technologies in Distributed Computing Date - VTDC '12},
    author = {Stabler, Greg and Rosen, Aaron and Goasguen, Sebastien and Wang, Kuang-Ching},
    pages = {53},
    url = {https://bit.ly/2KPrCr9},
    isbn = {9781450313445},
    doi = {10.1145/2287056.2287069},
    keywords = {Experimentation, Management Keywords OpenFlow, cloud, elastic IP, firewall, security groups, software defined networking}
}

@inproceedings{Gupta2014EmergingPage,
    title = {{Emerging phishing trends and effectiveness of the anti-phishing landing page}},
    year = {2014},
    booktitle = {eCrime Researchers Summit, eCrime},
    author = {Gupta, Srishti and Kumaraguru, Ponnurangam},
    isbn = {9781479965106},
    doi = {10.1109/ECRIME.2014.6963163},
    issn = {21591245},
    arxivId = {1406.3682}
}

@article{Burnett2015Encore,
    title = {{Encore}},
    year = {2015},
    journal = {Proceedings of the 2015 ACM Conference on Special Interest Group on Data Communication - SIGCOMM '15},
    author = {Burnett, Sam and Feamster, Nick},
    pages = {653--667},
    url = {http://dl.acm.org/citation.cfm?doid=2785956.2787485},
    isbn = {9781450335423},
    doi = {10.1145/2785956.2787485},
    keywords = {Put your keywords here}
}

@article{Svabensky2018EnhancingGames,
    title = {{Enhancing Cybersecurity Skills by Creating Serious Games}},
    year = {2018},
    author = {{\v{S}}v{\'{a}}bensk{\'{y}}, Valdemar and Vykopal, Jan and Cermak, Milan and La{\v{s}}tovi{\v{c}}ka, Martin},
    isbn = {9781450357074},
    doi = {10.1145/3197091.3197123},
    arxivId = {1804.03567}
}

@article{Shin2016EnhancingSDN,
    title = {{Enhancing Network Security Through Software Defined Networking (SDN)}},
    year = {2016},
    journal = {25th International Conference on Computer Communication and Networks (ICCCN 2016)},
    author = {Shin, Seungwon and Xu, Lei and Hong, Sungmin and Gu, Guofei},
    pages = {1--9},
    url = {http://ieeexplore.ieee.org/document/7568520/},
    isbn = {978-1-5090-2279-3},
    doi = {10.1109/ICCCN.2016.7568520},
    keywords = {Enhancing Network Security through Software Define}
}

@inproceedings{Oshima2017EstimationSystem,
    title = {{Estimation of Risk Countermeasure Effects Based Upon Project-Behavior Simulation System}},
    year = {2017},
    booktitle = {Proceedings - 2017 6th IIAI International Congress on Advanced Applied Informatics, IIAI-AAI 2017},
    author = {Oshima, Ayaka and Okada, Koji},
    isbn = {9781538606216},
    doi = {10.1109/IIAI-AAI.2017.86},
    keywords = {Business dynamics, Simulation, System dynamics}
}

@inproceedings{Williams2015EvaluatingTool,
    title = {{Evaluating the effectiveness of Microsoft threat modeling tool}},
    year = {2015},
    booktitle = {Proceedings of the 2015 Information Security Curriculum Development Conference on - InfoSec '15},
    author = {Williams, Imano and Yuan, Xiaohong},
    pages = {1--6},
    url = {http://dl.acm.org/citation.cfm?doid=2885990.2885999},
    isbn = {9781450340496},
    doi = {10.1145/2885990.2885999},
    keywords = {Architectural Risk Analysis, Design Keywords Software Security, Design â€“ Methodologies General Terms Security, Human Factors, Risk Management, Threat Modeling, Tool Evaluation}
}

@article{Sgandurra2016EvolutionSystems,
    title = {{Evolution of Attacks, Threat Models, and Solutions for Virtualized Systems}},
    year = {2016},
    journal = {ACM Computing Surveys},
    author = {Sgandurra, Daniele and Lupu, Emil},
    number = {3},
    pages = {1--38},
    volume = {48},
    url = {http://dx.doi.org/10.1145/2856126 http://dl.acm.org/citation.cfm?doid=2856149.2856126},
    isbn = {0360-0300},
    doi = {10.1145/2856126},
    issn = {03600300},
    keywords = {Algorithms, Categories and Subject Descriptors, Cloud computing, Measurement Additional Key Words and Phrases, Security, Virtualization, integrity attacks, threat models}
}

@techreport{CancianFPROGRAM,
    title = {{F E B R U A R Y 2 0 1 8 Avoiding Coping with Surprise in Great Power Conflicts Mark F. Cancian A Report of the CSIS INTERNATIONAL SECURITY PROGRAM}},
    author = {Cancian, Mark F},
    url = {www.csis.org},
    keywords = {CSIS, Center for Strategic and International Studies, International Security Program, avoiding, conflicts, coping, defense, great, international, national, power, relations, security, strategy, surprise}
}

@inproceedings{Hu2017FADM:Networking,
    title = {{FADM: DDoS Flooding Attack Detection and Mitigation System in Software-Defined Networking}},
    year = {2017},
    booktitle = {GLOBECOM 2017 - 2017 IEEE Global Communications Conference},
    author = {Hu, Dingwen and Hong, Peilin and Chen, Yixin},
    month = {12},
    pages = {1--7},
    publisher = {IEEE},
    url = {https://bit.ly/2Kx0vlc},
    isbn = {978-1-5090-5019-2},
    doi = {10.1109/GLOCOM.2017.8254023}
}

@article{Shamsi2017Faulds,
    title = {{Faulds}},
    year = {2017},
    journal = {Proceedings of the 2017 ACM SIGSAC Conference on Computer and Communications Security  - CCS '17},
    author = {Shamsi, Zain and Cline, Daren B.H. and Loguinov, Dmitri},
    pages = {971--982},
    url = {http://dl.acm.org/citation.cfm?doid=3133956.3133963},
    isbn = {9781450349468},
    doi = {10.1145/3133956.3133963}
}

@article{AlealiFindingData,
    title = {{Finding Novel Event Relationships in Temporal Data}},
    author = {Aleali, Ashkan and Dadfarnia, Mahila and Shakarian, Paulo},
    doi = {10.1109/ICDIS.2018.00009}
}

@inproceedings{Wang2015FloodGuard:Networks,
    title = {{FloodGuard: A DoS Attack Prevention Extension in Software-Defined Networks}},
    year = {2015},
    booktitle = {2015 45th Annual IEEE/IFIP International Conference on Dependable Systems and Networks},
    author = {Wang, Haopei and Xu, Lei and Gu, Guofei},
    month = {6},
    pages = {239--250},
    publisher = {IEEE},
    url = {https://bit.ly/2tY2NzL},
    isbn = {978-1-4799-8629-3},
    doi = {10.1109/DSN.2015.27},
    keywords = {Denial-of-Service Attack, SDN, Security, Software-Defined Networking}
}

@inproceedings{Matias2014FlowNAC:Control,
    title = {{FlowNAC: Flow-based network access control}},
    year = {2014},
    booktitle = {Proceedings - 2014 3rd European Workshop on Software-Defined Networks, EWSDN 2014},
    author = {Matias, Jon and Garay, Jokin and Mendiola, Alaitz and Toledo, Nerea and Jacob, Eduardo},
    isbn = {9781479969197},
    doi = {10.1109/EWSDN.2014.39},
    issn = {2379-0350},
    keywords = {Network access control, Security, Software defined networking}
}

@incollection{Passerini2008FluXOR:Networks,
    title = {{FluXOR: Detecting and Monitoring Fast-Flux Service Networks}},
    year = {2008},
    booktitle = {Detection of Intrusions and Malware, and Vulnerability Assessment},
    author = {Passerini, Emanuele and Paleari, Roberto and Martignoni, Lorenzo and Bruschi, Danilo},
    pages = {186--206},
    publisher = {Springer Berlin Heidelberg},
    url = {http://link.springer.com/10.1007/978-3-540-70542-0_10},
    address = {Berlin, Heidelberg},
    doi = {10.1007/978-3-540-70542-0{\_}10}
}

@article{ArticleFoOn,
    title = {{Fo r R ev iew On Design of an SDN Security Framework Fo r R On}},
    author = {Article, Original and Networks, Software Defined and Hosts, Virtual},
    keywords = {ieee communications letters}
}

@inproceedings{Bendriss2017ForecastingNetworks,
    title = {{Forecasting and anticipating SLO breaches in programmable networks}},
    year = {2017},
    booktitle = {2017 20th Conference on Innovations in Clouds, Internet and Networks (ICIN)},
    author = {Bendriss, Jaafar and Ben Yahia, Imen Grida and Zeghlache, Djamal},
    month = {3},
    pages = {127--134},
    publisher = {IEEE},
    url = {https://bit.ly/2KyD2A9},
    isbn = {978-1-5090-3672-1},
    doi = {10.1109/ICIN.2017.7899402}
}

@techreport{AbdullahiSaifullahi2017ForensicBanks,
    title = {{Forensic accounting: A moderator to fraud risk factors in the Nigerian deposit money banks}},
    year = {2017},
    booktitle = {International Journal of Business {\&} Cyber Security (IJBCS)},
    author = {Abdullahi Saifullahi, Mazadu},
    volume = {1},
    publisher = {ABRM},
    url = {www.ijbcs.abrmr.com}
}

@article{Ekelhart2007FormalAssessment,
    title = {{Formal threat descriptions for enhancing governmental risk assessment}},
    year = {2007},
    journal = {Proceedings of the 1st international conference on Theory and practice of electronic governance - ICEGOV '07},
    author = {Ekelhart, Andreas and Fenz, Stefan and Neubauer, Thomas and Weippl, Edgar},
    pages = {40},
    url = {http://portal.acm.org/citation.cfm?doid=1328057.1328067},
    isbn = {9781595938220},
    doi = {10.1145/1328057.1328067},
    keywords = {formal threat descriptions, inventory, security ontology}
}

@inproceedings{Mauw2006FoundationsTrees,
    title = {{Foundations of attack trees}},
    year = {2006},
    booktitle = {Lecture Notes in Computer Science (including subseries Lecture Notes in Artificial Intelligence and Lecture Notes in Bioinformatics)},
    author = {Mauw, Sjouke and Oostdijk, Martijn},
    pages = {186--198},
    volume = {3935 LNCS},
    isbn = {3540333541},
    doi = {10.1007/11734727{\_}17},
    issn = {03029743},
    keywords = {Attack trees, Semantics, Threat analysis}
}

@techreport{BramletteFrameworkOperations,
    title = {{Framework for Assessing Cyber Risk/Effects in Context of Air Force Operations}},
    author = {Bramlette, Clint and Reith, Mark},
    url = {https://search-proquest-com.prox.lib.ncsu.edu/docview/2018924259/fulltextPDF/C9C91DB3D9C64843PQ/8?accountid=12725},
    keywords = {air force, assessment, cyber, effects, framework, mission impact, risk, rmf}
}

@article{NIST2014FrameworkCybersecurity,
    title = {{Framework for Improving Critical Infrastructure Cybersecurity}},
    year = {2014},
    journal = {National Institute of Standards and Technology},
    author = {{NIST}},
    pages = {1--41},
    url = {http://www.nist.gov/cyberframework/upload/cybersecurity-framework-021214-final.pdf},
    isbn = {0018-9219},
    doi = {10.1109/JPROC.2011.2165269},
    issn = {0018-9219},
    pmid = {1496677},
    arxivId = {1701.04525},
    keywords = {2014, February 12, Framework for Improving Critical Infrastructure Cy, Version 1.0}
}

@inproceedings{Chadli2015FrameworksSurvey,
    title = {{Frameworks for risk management in GSD projects: A survey}},
    year = {2015},
    booktitle = {2015 10th International Conference on Intelligent Systems: Theories and Applications, SITA 2015},
    author = {Chadli, Saad Yasser and Idri, Ali and Fern{\'{a}}ndez-Alem{\'{a}}n, JosÃ© Luis and Ros, JoaquÃ­n NicolÃ¡s},
    isbn = {9781509002207},
    doi = {10.1109/SITA.2015.7358381}
}

@article{Full-text,
    title = {{full-text}}
}

@misc{MordorintelligenceGlobalMarket,
    title = {{Global Infection Surveillance Market | Industry Size, Report, Overview, Growth | Infection Surveillance Solutions Market | Infection Surveillance Software Market}},
    author = {{Mordor intelligence}},
    url = {https://www.mordorintelligence.com/industry-reports/infection-surveillance-solutions}
}

@article{2006GraphMatchings,
    title = {{Graph Theory II 1 Matchings}},
    year = {2006},
    url = {https://www.cs.princeton.edu/courses/archive/fall06/cos341/handouts/graph2.pdf}
}

@misc{CentreforDiseaseControlandPreventionCDC2014GuidanceMortuaries,
    title = {{Guidance for Safe Handling of Human Remains of Ebola Patients in U. S. Hospitals and Mortuaries}},
    year = {2014},
    booktitle = {Ebola (Ebola Virus Disease)},
    author = {{Centre for Disease Control and Prevention (CDC)}},
    pages = {1},
    url = {http://www.cdc.gov/vhf/ebola/healthcare-us/hospitals/handling-human-remains.html}
}

@misc{Lee2007HandWashing,
    title = {{Hand washing}},
    year = {2007},
    booktitle = {Ophthalmology},
    author = {Lee, A},
    number = {6},
    pages = {1229--1230},
    volume = {114},
    url = {http://www.ncbi.nlm.nih.gov/entrez/query.fcgi?cmd=Retrieve&db=PubMed&dopt=Citation&list_uids=17544781},
    isbn = {1549-4713 (Electronic)},
    doi = {S0161-6420(07)00318-1 [pii]{\textbackslash}r10.1016/j.ophtha.2007.03.037},
    pmid = {17544781},
    keywords = {Attitude to Health, Centers for Disease Control and Prevention (U.S.), Cross Infection/*prevention {\&} control, Disinfection/*methods, Handwashing/*standards, Humans, Infection Control/*methods, Practice Guidelines as Topic, United States}
}

@article{Al-Tawfiq2014HealthcarePerspectives,
    title = {{Healthcare associated infections (HAI) perspectives}},
    year = {2014},
    journal = {Journal of Infection and Public Health},
    author = {Al-Tawfiq, Jaffar A. and Tambyah, Paul A.},
    number = {4},
    pages = {339--344},
    volume = {7},
    url = {http://www.sciencedirect.com/science/article/pii/S1876034114000689},
    doi = {10.1016/j.jiph.2014.04.003},
    issn = {18760341}
}

@article{Al-Tawfiq2014HealthcarePerspectivesb,
    title = {{Healthcare associated infections (HAI) perspectives}},
    year = {2014},
    journal = {Journal of Infection and Public Health},
    author = {Al-Tawfiq, Jaffar A and Tambyah, Paul A},
    pages = {339--344},
    volume = {7},
    url = {http://ac.els-cdn.com/S1876034114000689/1-s2.0-S1876034114000689-main.pdf?_tid=4e99cf6e-3d81-11e7-bf55-00000aacb35e&acdnat=1495301303_cad5830fb0ed0adb119e2c0149f04e44},
    doi = {10.1016/j.jiph.2014.04.003},
    keywords = {Hand hygiene, Healthcare associated infection}
}

@article{Kintis2017HidingAbuse,
    title = {{Hiding in Plain Sight: A Longitudinal Study of Combosquatting Abuse}},
    year = {2017},
    author = {Kintis, Panagiotis and Miramirkhani, Najmeh and Lever, Charles and Chen, Yizheng and Romero-G{\'{o}}mez, Rosa and Pitropakis, Nikolaos and Nikiforakis, Nick and Antonakakis, Manos},
    url = {http://arxiv.org/abs/1708.08519%0Ahttp://dx.doi.org/10.1145/3133956.3134002},
    isbn = {9781450349468},
    doi = {10.1145/3133956.3134002},
    issn = {15437221},
    arxivId = {1708.08519},
    keywords = {Combosquatting, Domain Name System, Domain Squatting, Network Security}
}

@article{Apostolaki2017HijackingCryptocurrencies,
    title = {{Hijacking Bitcoin: Routing Attacks on Cryptocurrencies}},
    year = {2017},
    journal = {Proceedings - IEEE Symposium on Security and Privacy},
    author = {Apostolaki, Maria and Zohar, Aviv and Vanbever, Laurent},
    pages = {375--392},
    url = {https://btc-hijack.ethz.ch/files/btc_hijack.pdf},
    isbn = {9781509055326},
    doi = {10.1109/SP.2017.29},
    issn = {10816011},
    arxivId = {1605.07524},
    keywords = {BGP, BGP hijack, Bitcoin, Cryptocurrency, P2P networks, Routing}
}

@article{LuoHindsight:Browsers,
    title = {{Hindsight: Understanding the Evolution of UI Vulnerabilities in Mobile Browsers}},
    author = {Luo, Meng and Starov, Oleksii and Honarmand, Nima and Nikiforakis, Nick},
    url = {https://acmccs.github.io/papers/p149-luoA.pdf},
    doi = {10.1145/3133956.3133987},
    keywords = {Hindsight, KEYWORDS Mobile browser security, Mobile platform security, Software and ap-plication security, Vulnerability scanners, phish-ing attacks, user interface, vulnerability testing}
}

@misc{Hemdry2017HowNewsHour,
    title = {{How the Equifax hack happened, according to its CEO | PBS NewsHour}},
    year = {2017},
    author = {Hemdry, Erica R and {Erica R. Hendry} and Hemdry, Erica R},
    url = {https://www.pbs.org/newshour/nation/equifax-hack-happened-according-ceo}
}

@article{Staniford2002HowTime,
    title = {{How to Own the Internet in Your Spare Time}},
    year = {2002},
    journal = {USENIX Security '02 Proceedings of the 11th USENIX Security Symposium},
    author = {Staniford, Stuart and Paxson, Vern and Weaver, Nicholas},
    pages = {149--167},
    url = {http://dl.acm.org/citation.cfm?id=647253.720288},
    isbn = {1-931971-00-5},
    doi = {10.1145/1198255.1198265},
    issn = {01464833}
}

@article{OverdorfHowServices,
    title = {{How Unique is Your .onion? An Analysis of the Fingerprintability of Tor Onion Services}},
    author = {Overdorf, Rebekah and Juarez, Marc and Acar, Gunes and Greenstadt, Rachel and Diaz, Claudia},
    url = {https://acmccs.github.io/papers/p2021-overdorfA.pdf},
    doi = {10.1145/3133956.3134005},
    keywords = {-  Security and privacy  ->  Pseudonymity, Network security, Privacy-preserving protocols, anonymity and untraceability}
}

@article{Cleland-HuangHowGratae,
    title = {{How Well Do You Know Your Personae Non Gratae?}},
    author = {Cleland-Huang, Jane},
    url = {https://pdfs.semanticscholar.org/f915/2c5a1b6e9b5e9f5a7522b5bdca34fe080db9.pdf}
}

@misc{CollegeofMedicineatChicago2013ICUBasics,
    title = {{ICU Guidebook | Basics}},
    year = {2013},
    booktitle = {Online ICU Guidebook},
    author = {College of Medicine at Chicago, Universiti of Illinois},
    url = {http://chicago.medicine.uic.edu/UserFiles/Servers/Server_442934/Image/1.1/residentguides/final/icuguidebook.pdf}
}

@article{Krupp2016IdentifyingAttacks,
    title = {{Identifying the Scan and Attack Infrastructures Behind Amplification DDoS Attacks}},
    year = {2016},
    journal = {Proceedings of the 2016 ACM SIGSAC Conference on Computer and Communications Security - CCS'16},
    author = {Krupp, Johannes and Backes, Michael and Rossow, Christian},
    pages = {1426--1437},
    url = {http://dl.acm.org/citation.cfm?doid=2976749.2978293},
    isbn = {9781450341394},
    doi = {10.1145/2976749.2978293},
    issn = {15437221}
}

@article{Turner2013IFIPProcessing,
    title = {{IFIP Advances in Information and Communication Technology 412 Editor-in-Chief and Privacy Protection in Information Processing Systems IFIP â€“ The International Federation for Information Processing}},
    year = {2013},
    author = {Turner, A Joe and Goedicke, Michael and Rannenberg, Kai},
    url = {https://link-springer-com.prox.lib.ncsu.edu/content/pdf/10.1007%2F978-3-642-30436-1.pdf},
    isbn = {9783642411410}
}

@techreport{BahsiImpactReview,
    title = {{Impact Assessment of Cyber Actions on Missions or Business Processes: A Systematic Literature Review}},
    author = {Bah{\c{s}}i, Hayretdin and Udokwu, Chibuzor Joseph and Tatar, Unal and Norta, Alexander},
    url = {https://search-proquest-com.prox.lib.ncsu.edu/docview/2018926313/fulltextPDF/C9C91DB3D9C64843PQ/3?accountid=12725},
    keywords = {cyber battle damage assessment, cyber impact assessment, cyber situational awareness, literature survey, risk assessment}
}

@inproceedings{Carella2018ImpactRates,
    title = {{Impact of security awareness training on phishing click-through rates}},
    year = {2018},
    booktitle = {Proceedings - 2017 IEEE International Conference on Big Data, Big Data 2017},
    author = {Carella, Anthony and Kotsoev, Murat and Truta, Traian Marius},
    isbn = {9781538627143},
    doi = {10.1109/BigData.2017.8258485},
    keywords = {click-through rate, phishing, phishing campaign, predictive profiles, social engineering}
}

@article{Adrian2015ImperfectPractice,
    title = {{Imperfect Forward Secrecy : How Diffie-Hellman Fails in Practice}},
    year = {2015},
    journal = {Ccs},
    author = {Adrian, David and Bhargavan, Karthikeyan and Durumeric, Zakir and Gaudry, Pierrick and Green, Matthew and Halderman, J Alex and Heninger, Nadia and Springall, Drew and Thom{\'{e}}, Emmanuel and Valenta, Luke and Vandersloot, Benjamin and Wustrow, Eric and Paul, Santiago Zanella-bÃ©guelin},
    pages = {5--17},
    url = {https://weakdh.org/imperfect-forward-secrecy-ccs15.pdf https://weakdh.org/imperfect-forward-secrecy.pdf},
    isbn = {9781450338325},
    doi = {10.1145/2810103.2813707},
    issn = {15437221}
}

@article{IMSGUIDE,
    title = {{IMS LAB SETUP GUIDE}},
    url = {https://courses.ncsu.edu/csc576/lec/651/wrap/IMS-Lab1.pdf}
}

@misc{InfectionMarketsandMarkets,
    title = {{Infection Surveillance Solutions Market by Product {\&}amp; End User - 2021 | MarketsandMarkets}},
    url = {http://www.marketsandmarkets.com/Market-Reports/infection-surveillance-solution-market-21857517.html}
}

@techreport{Stevens2005InformationProfiling,
    title = {{Information Asset Profiling}},
    year = {2005},
    author = {Stevens, James F and Caralli, Richard A and Willke, Bradford J},
    url = {http://www.sei.cmu.edu/publications/pubweb.html}
}

@techreport{BishopInformation503,
    title = {{Information Security Education for a Global Digital Society IFIP AICT 503}},
    author = {Bishop, Matt and Futcher, Lynn and Miloslavskaya, Natalia and Theocharidou, Marianthi},
    url = {http://www.springer.com/series/6102},
    doi = {10.1007/978-3-319-58553-6}
}

@article{2018IntoProfit,
    title = {{Into The Web of Profit}},
    year = {2018},
    url = {https://learn.bromium.com/rs/497-ITQ-712/images/Into%20the%20Web%20of%20Profit_Bromium.pdf?mkt_tok=eyJpIjoiTXpabVpXVXdNVGMwWVdKaSIsInQiOiJCM3VueGl3Z1ExV0JvSjl3SVhZK0l2ejJXMnRrdTNaV01McjlPRUVjcDQ0eko0dFF4VitXOWdNeG5kVFRLUHh5UktGRGxzUXdsMWtidlViS0lBaUxVM0ZiMk11STg1YUJEczlCdGtNeVRGZlBkNXN1aDFUajdNS1VVbWdvSm1mUCJ9}
}

@article{Caralli2007IntroducingProcess,
    title = {{Introducing OCTAVE Allegro : Improving the Information Security Risk Assessment Process}},
    year = {2007},
    journal = {Young},
    author = {Caralli, Richard a Richard a. Caralli and Stevens, James F and Young, Lisa R and Wilson, William R},
    number = {May},
    pages = {1--113},
    url = {http://www.sei.cmu.edu/publications/pubweb.html},
    isbn = {null},
    keywords = {Information Asset, Risk Assessment}
}

@article{Introduction,
    title = {{Introduction}},
    url = {https://courses.ncsu.edu/csc576/lec/651/wrap/introduction.pdf}
}

@article{Sezer2013INTRODUCTION:SDN,
    title = {{INTRODUCTION: WHAT IS SOFTWARE-DEFINED NETWORKING? FUTURE CARRIER NETWORKS Are We Ready for SDN? Implementation Challenges for Software-Defined Networks BACKGROUND: WHY SDN?}},
    year = {2013},
    journal = {Future Carrier Networks},
    author = {Sezer, Sakir and Scott-Hayward, Sandra and Kaur Chouhan, Pushpinder and Fraser, Barbara and Lake, David and Systems Jim Finnegan, Cisco and Viljoen, Niel and Marc Miller, Netronome and Rao, Navneet and Layout, Scott-hayward},
    number = {7},
    pages = {36--43},
    volume = {51},
    url = {http://ieeexplore.ieee.org/lpdocs/epic03/wrapper.htm?arnumber=6553676},
    isbn = {0163-6804 VO - 51},
    doi = {10.1109/MCOM.2013.6553676},
    issn = {01636804},
    arxivId = {arXiv:1406.0440v1}
}

@article{Ronen2018IoTReaction,
    title = {{IoT Goes Nuclear: Creating a Zigbee Chain Reaction}},
    year = {2018},
    journal = {IEEE Security and Privacy},
    author = {Ronen, Eyal and Shamir, Adi and Weingarten, Achi Or and Oflynn, Colin},
    number = {1},
    pages = {54--62},
    volume = {16},
    url = {https://eprint.iacr.org/2016/1047.pdf},
    isbn = {9781509055326},
    doi = {10.1109/MSP.2018.1331033},
    issn = {15584046},
    keywords = {IEEE Symposium on Security and Privacy, Internet of Things, IoT, Zigbee, security, smart lamp}
}

@misc{ISO/IECManagement,
    title = {{ISO/IEC 27001 Information security management}},
    url = {https://www.iso.org/isoiec-27001-information-security.html}
}

@article{Vanhoef2017KeyAttacks,
    title = {{Key Reinstallation Attacks}},
    year = {2017},
    journal = {Proceedings of the 2017 ACM SIGSAC Conference on Computer and Communications Security  - CCS '17},
    author = {Vanhoef, Mathy and Piessens, Frank},
    pages = {1313--1328},
    url = {http://dl.acm.org/citation.cfm?doid=3133956.3134027},
    isbn = {9781450349468},
    doi = {10.1145/3133956.3134027},
    issn = {15437221},
    keywords = {WPA2, attacks, handshake, initialization vector, key reinstallation, network security, nonce reuse, packet number, security protocols}
}

@article{CadarKLEE:Programs,
    title = {{KLEE: Unassisted and Automatic Generation of High-Coverage Tests for Complex Systems Programs}},
    author = {Cadar, Cristian and Dunbar, Daniel and Engler, Dawson},
    url = {http://hci.stanford.edu/cstr/reports/2008-03.pdf}
}

@article{Basin2014KnowAnalysis,
    title = {{Know Your Enemy: Compromising Adversaries in Protocol Analysis}},
    year = {2014},
    journal = {ACM Trans. Inf. Syst. Secur},
    author = {Basin, David},
    number = {7},
    volume = {17},
    doi = {10.1145/2658996},
    keywords = {C2 [Computer Systems Organization], C22 [Computer-Communication Networks], Categories and Subject Descriptors, Computer-Communication Networks, D24 [Software Engineering], D46 [Operating Systems], Network Protocolsâ€”Protocol verification, Security, Security protocols, Software/Program Verification, Verification Additional Key Words and Phrases, adversary models, automated analysis, threat models}
}

@inproceedings{Giotis2014LeveragingNetworks,
    title = {{Leveraging SDN for efficient anomaly detection and mitigation on legacy networks}},
    year = {2014},
    booktitle = {Proceedings - 2014 3rd European Workshop on Software-Defined Networks, EWSDN 2014},
    author = {Giotis, Kostas and Androulidakis, Georgios and Maglaris, Vasilis},
    isbn = {9781479969197},
    doi = {10.1109/EWSDN.2014.24},
    issn = {2379-0350},
    keywords = {Anomaly detection, Attack mitigation, DDoS, OpenFlow, RTBH, SDN, SFlow, Software defined networking}
}

@article{Braga2010LightweightNOX/OpenFlow,
    title = {{Lightweight DDoS flooding attack detection using NOX/OpenFlow}},
    year = {2010},
    journal = {Proceedings - Conference on Local Computer Networks, LCN},
    author = {Braga, Rodrigo and Mota, Edjard and Passito, Alexandre},
    number = {October},
    pages = {408--415},
    url = {https://bit.ly/2lU9NZI},
    isbn = {9781424483877},
    doi = {10.1109/LCN.2010.5735752},
    issn = {0742-1303},
    keywords = {Artificial Neural Networks, Network Security, Programmable Networks}
}

@article{Wang2012LiveSec:Networks,
    title = {{LiveSec: Towards Effective Security Management in Large-Scale Production Networks}},
    year = {2012},
    journal = {Distributed Computing Systems Workshops (ICDCSW), 2012 32nd International Conference on},
    author = {Wang, Kai and Qi, Yaxuan and Yang, Baohua and Xue, Yibo and Li, Jun},
    pages = {451--460},
    url = {https://bit.ly/2u5AWwF},
    isbn = {978-1-4673-1423-7},
    doi = {10.1109/ICDCSW.2012.87},
    issn = {1545-0678},
    keywords = {LiveSec, Middleboxes, OpenFlow, Production, Protocols, Routing, Switches, access-switching layer, application-aware network visualization, distributed load-balancing, end-to-end traffic, flexible security management architecture, historical traffic replay, holistic security protection, interactive policy-enforcement, large-scale production network, live traffic monitoring, network architecture, network management, network security, scalable security management architecture, security, security service element, telecommunication network management, telecommunication security, telecommunication traffic}
}

@book{Huth2006LogicSystems,
    title = {{Logic in Computer Science: Modelling and Reasoning About Systems}},
    year = {2006},
    booktitle = {Journal of Logic, Language and Information},
    author = {Huth, Michael and Ryan, Mark},
    number = {1},
    pages = {117--120},
    volume = {16},
    isbn = {9780521543101},
    doi = {10.1007/s10849-006-9017-y},
    issn = {0925-8531},
    pmid = {25246403},
    arxivId = {arXiv:1011.1669v3}
}

@article{HinesMachineDetection,
    title = {{Machine Learning Applied to Rotating Check Fraud Detection}},
    author = {Hines, Christine and Youssef, Abdou},
    doi = {10.1109/ICDIS.2018.00012},
    keywords = {classification, fraud detection, imbalanced data, machine learning, point-of-sale data, restaurant industry}
}

@article{Abubakar2017MachineNetworks,
    title = {{Machine learning based intrusion detection system for software defined networks}},
    year = {2017},
    journal = {Proceedings - 2017 7th International Conference on Emerging Security Technologies, EST 2017},
    author = {Abubakar, A. and Pranggono, B.},
    pages = {6--8},
    isbn = {9781538640173},
    doi = {10.1109/EST.2017.8090413},
    keywords = {Intrusion Detection System, Machine Learning, Neural Network, OpenFlow, Software-defined Network}
}

@inproceedings{Abubakar2017MachineNetworksb,
    title = {{Machine learning based intrusion detection system for software defined networks}},
    year = {2017},
    booktitle = {2017 Seventh International Conference on Emerging Security Technologies (EST)},
    author = {Abubakar, Atiku and Pranggono, Bernardi},
    month = {9},
    pages = {138--143},
    publisher = {IEEE},
    url = {http://ieeexplore.ieee.org/document/8090413/},
    isbn = {978-1-5386-4018-0},
    doi = {10.1109/EST.2017.8090413}
}

@article{Ayoubi2018MachineManagement,
    title = {{Machine Learning for Cognitive Network Management}},
    year = {2018},
    journal = {IEEE Communications Magazine},
    author = {Ayoubi, Sara and Limam, Noura and Salahuddin, Mohammad A. and Shahriar, Nashid and Boutaba, Raouf and Estrada-Solano, Felipe and Caicedo, Oscar M.},
    number = {1},
    month = {1},
    pages = {158--165},
    volume = {56},
    url = {http://ieeexplore.ieee.org/document/8255757/},
    doi = {10.1109/MCOM.2018.1700560},
    issn = {01636804}
}

@article{Tulabandhula2013MachineCosts,
    title = {{Machine Learning with Operational Costs}},
    year = {2013},
    journal = {Journal of Machine Learning Research},
    author = {Tulabandhula, Theja and Rudin, Cynthia},
    pages = {1989--2028},
    volume = {14},
    url = {https://bit.ly/2IUDeUB},
    keywords = {covering numbers, decision theory, optimization, statistical learning theory}
}

@inproceedings{Song2017Machine-learningNetworks,
    title = {{Machine-learning based threat-aware system in software defined networks}},
    year = {2017},
    booktitle = {2017 26th International Conference on Computer Communications and Networks, ICCCN 2017},
    author = {Song, Chungsik and Park, Younghee and Golani, Keyur and Kim, Youngsoo and Bhatt, Kalgi and Goswami, Kunal},
    isbn = {9781509029914},
    doi = {10.1109/ICCCN.2017.8038436},
    keywords = {Active learning, Machine-learning, Network intrusion detection, Reactive routing, Software-defined networking, Utility assessment}
}

@inproceedings{Sapio2014MAPPER:Networks,
    title = {{MAPPER: A mobile application personal policy enforcement router for enterprise networks}},
    year = {2014},
    booktitle = {Proceedings - 2014 3rd European Workshop on Software-Defined Networks, EWSDN 2014},
    author = {Sapio, Amedeo and Baldi, Mario and Liao, Yong and Ranjan, Gyan and Risso, Fulvio and Tongaonkar, Alok and Torres, Ruben and Nucci, Antonio},
    isbn = {9781479969197},
    doi = {10.1109/EWSDN.2014.9},
    keywords = {Apps, Network, Policy, Virtualization}
}

@misc{MatrixSummary,
    title = {{Matrix Summary}},
    url = {http://www.ux.uis.no/~hirpa/KdB/FEM/MatrixHandout.pdf}
}

@article{Farooqi2017MeasuringNetworks,
    title = {{Measuring and mitigating oauth access token abuse by collusion networks}},
    year = {2017},
    journal = {Proceedings of the 2017 Internet Measurement Conference on   - IMC '17},
    author = {Farooqi, Shehroze and Zaffar, Fareed and Leontiadis, Nektarios and Shafiq, Zubair},
    pages = {355--368},
    volume = {14},
    url = {http://dl.acm.org/citation.cfm?doid=3131365.3131404},
    isbn = {9781450351188},
    doi = {10.1145/3131365.3131404},
    keywords = {Authorization, Collusion Networks, KEYWORDS Access Tokens, OAuth, Online Social Networks, Social network security and privacy}
}

@article{Kleinfeld2006MeasuringSecurity,
    title = {{Measuring security}},
    year = {2006},
    journal = {Information Systems Security},
    author = {Kleinfeld, Abe},
    isbn = {9781479908899},
    doi = {10.1201/1086.1065898X/46353.15.4.20060901/95426.2},
    issn = {1065898X}
}

@article{Lipp2018Meltdown,
    title = {{Meltdown}},
    year = {2018},
    journal = {ArXiv e-prints},
    author = {Lipp, Moritz and Schwarz, Michael and Gruss, Daniel and Prescher, Thomas and Haas, Werner and Mangard, Stefan and Kocher, Paul and Genkin, Daniel and Yarom, Yuval and Hamburg, Mike},
    url = {https://arxiv.org/abs/1801.01207},
    arxivId = {1801.01207}
}

@misc{MicrosoftLifecycle,
    title = {{Microsoft Security Development Lifecycle}},
    url = {https://bit.ly/29qEfVd}
}

@misc{MilitaryMarketsandMarkets,
    title = {{Military Simulation and Training Market by Application - 2021 | MarketsandMarkets}},
    url = {http://www.marketsandmarkets.com/Market-Reports/military-simulation-virtual-training-market-661.html}
}

@article{MarinMiningForums,
    title = {{Mining Key-Hackers on Darkweb Forums}},
    author = {Marin, Ericsson and Shakarian, Jana and Shakarian, Paulo},
    doi = {10.1109/ICDIS.2018.00018}
}

@article{Kaur2014MitigationModeling,
    title = {{Mitigation of SQL Injection Attacks using Threat Modeling}},
    year = {2014},
    journal = {ACM SIGSOFT Software Engineering Notes},
    author = {Kaur, Navdeep and Kaur, Parminder},
    number = {6},
    pages = {1--6},
    volume = {39},
    url = {http://dl.acm.org/citation.cfm?doid=2674632.2674638},
    doi = {10.1145/2674632.2674638},
    issn = {01635948},
    keywords = {SQL Injection, Secure Software Engineering, Software Security, Threat Modeling}
}

@article{Fredrikson2015ModelCountermeasures,
    title = {{Model Inversion Attacks that Exploit Confidence Information and Basic Countermeasures}},
    year = {2015},
    journal = {Proceedings of the 22nd ACM SIGSAC Conference on Computer and Communications Security - CCS '15},
    author = {Fredrikson, Matt and Jha, Somesh and Ristenpart, Thomas},
    pages = {1322--1333},
    url = {https://bit.ly/2MNFQWT},
    isbn = {9781450338325},
    doi = {10.1145/2810103.2813677},
    issn = {15437221}
}

@misc{Ramos2017Model-BasedSurvey,
    title = {{Model-Based Quantitative Network Security Metrics: A Survey}},
    year = {2017},
    booktitle = {IEEE Communications Surveys and Tutorials},
    author = {Ramos, Alex and Lazar, Marcella and Filho, Raimir Holanda and Rodrigues, Joel J.P.C.},
    doi = {10.1109/COMST.2017.2745505},
    issn = {1553877X},
    keywords = {Security metrics, model-based metrics, network security, quantitative security, security level}
}

@incollection{Zhou2016ModelingGames,
    title = {{Modeling Adversarial Learning as Nested Stackelberg Games}},
    year = {2016},
    booktitle = {Proceedings, Part II, of the 20th Pacific-Asia Conference on Advances in Knowledge Discovery and Data Mining - Volume 9652},
    author = {Zhou, Yan and Kantarcioglu, Murat},
    pages = {350--362},
    publisher = {Springer-Verlag New York, Inc.},
    url = {https://bit.ly/2MSGS3I},
    isbn = {978-3-319-31749-6},
    doi = {10.1007/978-3-319-31750-2{\_}28}
}

@inproceedings{Subasu2017ModelingEducation,
    title = {{Modeling and simulation architecture for training in cyber defence education}},
    year = {2017},
    booktitle = {Proceedings of the 9th International Conference on Electronics, Computers and Artificial Intelligence, ECAI 2017},
    author = {Suba{\c{s}}u, Georgiana and Ro{\c{s}}u, Livia and BÇŽdoi, Ion},
    isbn = {9781509064571},
    doi = {10.1109/ECAI.2017.8166396},
    keywords = {Cyber defence, Cyber range, Cyber security, Education, Exercise, Mission, Model, Modeling and simulation, Training}
}

@article{Tidwell2001ModelingAttacks,
    title = {{Modeling Internet Attacks}},
    year = {2001},
    journal = {Network},
    author = {Tidwell, T and Larson, R and Fitch, K and Hale, J},
    number = {January 2001},
    pages = {5--6},
    volume = {1},
    url = {http://citeseerx.ist.psu.edu/viewdoc/download?doi=10.1.1.108.9040&amp;rep=rep1&amp;type=pdf},
    isbn = {0780398149}
}

@inproceedings{ElAriss2011ModelingStatecharts,
    title = {{Modeling security attacks with statecharts}},
    year = {2011},
    booktitle = {CompArch'11 - Proceedings of the 2011 Federated Events on Component-Based Software Engineering and Software Architecture - QoSA+ISARCS'11},
    author = {El Ariss, Omar and Xu, Dianxiang},
    pages = {123--132},
    url = {http://dx.doi.org/10.1145/2000259.2000281},
    isbn = {978-1-4503-0724-6},
    doi = {10.1145/2000259.2000281},
    keywords = {Engineers, Reusability, S, Security systems, Semantics}
}

@article{SnyderMostSecurity,
    title = {{Most Websites Don't Need to Vibrate: A Costâ€“Benefit Approach to Improving Browser Security}},
    journal = {ACM ISBN ISBN},
    author = {Snyder, Peter and Taylor, Cynthia and Kanich, Chris},
    pages = {978--1},
    url = {https://doi.org/http://dx.doi.org/10.1145/3133956.3133966},
    doi = {10.1145/3133956.3133966},
    keywords = {KEYWORDS Browser security, Software security, Software security engineering, Vulnerability man-agement, Web security and privacy}
}

@techreport{Patyal2017Multi-layeredRansomware,
    title = {{Multi-layered defense architecture against ransomware}},
    year = {2017},
    booktitle = {International Journal of Business {\&} Cyber Security (IJBCS)},
    author = {Patyal, Manveer and Sampalli, Srinivas and Ye, Qiang and Rahman, Musfiq},
    number = {2},
    volume = {1},
    publisher = {ABRM},
    url = {www.ijbcs.abrmr.com}
}

@inproceedings{Noel2005MultipleGraphs,
    title = {{Multiple coordinated views for network attack graphs}},
    year = {2005},
    booktitle = {IEEE Workshop on Visualization for Computer Security 2005, VizSEC 05, Proceedings},
    author = {Noel, Steven and Jacobs, Michael and Kalapa, Pramod and Jajodia, Sushil},
    pages = {99--106},
    isbn = {0780394771},
    doi = {10.1109/VIZSEC.2005.1532071},
    keywords = {Graph clustering, Graph filtering, Graph visualization, Network attack graphs, Network attack modeling, Topological vulnerability analysis}
}

@article{Magill2014MultistateInfections,
    title = {{Multistate Point-Prevalence Survey of Health Careâ€“Associated Infections}},
    year = {2014},
    journal = {New England Journal of Medicine},
    author = {Magill, Shelley S. and Edwards, Jonathan R. and Bamberg, Wendy and Beldavs, Zintars G. and Dumyati, Ghinwa and Kainer, Marion A. and Lynfield, Ruth and Maloney, Meghan and McAllister-Hollod, Laura and Nadle, Joelle and Ray, Susan M. and Thompson, Deborah L. and Wilson, Lucy E. and Fridkin, Scott K.},
    number = {13},
    month = {3},
    pages = {1198--1208},
    volume = {370},
    url = {http://www.nejm.org/doi/10.1056/NEJMoa1306801},
    doi = {10.1056/NEJMoa1306801},
    issn = {0028-4793}
}

@article{Magill2014MultistateInfectionsb,
    title = {{Multistate Point-Prevalence Survey of Health Careâ€“Associated Infections}},
    year = {2014},
    journal = {New England Journal of Medicine},
    author = {Magill, Shelley S. and Edwards, Jonathan R. and Bamberg, Wendy and Beldavs, Zintars G. and Dumyati, Ghinwa and Kainer, Marion A. and Lynfield, Ruth and Maloney, Meghan and McAllister-Hollod, Laura and Nadle, Joelle and Ray, Susan M. and Thompson, Deborah L. and Wilson, Lucy E. and Fridkin, Scott K.},
    number = {13},
    month = {3},
    pages = {1198--1208},
    volume = {370},
    publisher = {Massachusetts Medical Society},
    url = {https://goo.gl/dH7YJa},
    doi = {10.1056/NEJMoa1306801}
}

@article{Yee2009NativeCode,
    title = {{Native client: A sandbox for portable, untrusted x86 native code}},
    year = {2009},
    journal = {Proceedings - IEEE Symposium on Security and Privacy},
    author = {Yee, Bennet and Sehr, David and Dardyk, Gregory and Chen, J. Bradley and Muth, Robert and Ormandy, Tavis and Okasaka, Shiki and Narula, Neha and Fullagar, Nicholas},
    pages = {79--93},
    url = {https://kapravelos.com/teaching/csc591-f17/readings/nativeclient.pdf},
    isbn = {9780769536330},
    doi = {10.1109/SP.2009.25},
    issn = {10816011}
}

@article{SchwartzNativeStructuring,
    title = {{Native x86 Decompilation Using Semantics- Preserving Structural Analysis and Iterative Control-Flow Structuring Native x86 Decompilation using Semantics-Preserving Structural Analysis and Iterative Control-Flow Structuring}},
    author = {Schwartz, Edward J and Woo, Maverick and Lee, Jonghyup and Brumley, David},
    url = {https://www.usenix.org/system/files/conference/usenixsecurity13/sec13-paper_schwartz.pdf},
    isbn = {978-1-931971-03-4}
}

@misc{Cisco2011NetFlowServices,
    title = {{NetFlow Version 9 Flow-Record Format  [IP Application Services]}},
    year = {2011},
    booktitle = {Cisco},
    author = {{Cisco}},
    month = {6},
    url = {http://tiny.cc/lcvoky}
}

@inproceedings{Azzouni2017NeuRoute:Networks,
    title = {{NeuRoute: Predictive dynamic routing for software-defined networks}},
    year = {2017},
    booktitle = {2017 13th International Conference on Network and Service Management (CNSM)},
    author = {Azzouni, Abdelhadi and Boutaba, Raouf and Pujolle, Guy},
    month = {11},
    pages = {1--6},
    publisher = {IEEE},
    url = {http://ieeexplore.ieee.org/document/8256059/},
    isbn = {978-3-901882-98-2},
    doi = {10.23919/CNSM.2017.8256059}
}

@article{Beaulieu2017NotesSpeck,
    title = {{Notes on the design and analysis of Simon and Speck}},
    year = {2017},
    author = {Beaulieu, Ray and Shors, Douglas and Smith, Jason and Treatman-Clark, Stefan and Weeks, Bryan and Wingers, Louis},
    url = {https://eprint.iacr.org/2017/560.pdf}
}

@inproceedings{Kirda2006Noxes,
    title = {{Noxes}},
    year = {2006},
    booktitle = {Proceedings of the 2006 ACM symposium on Applied computing  - SAC '06},
    author = {Kirda, Engin and Kruegel, Christopher and Vigna, Giovanni and Jovanovic, Nenad},
    pages = {330},
    publisher = {ACM Press},
    url = {http://portal.acm.org/citation.cfm?doid=1141277.1141357},
    address = {New York, New York, USA},
    isbn = {1595931082},
    doi = {10.1145/1141277.1141357}
}

@article{Jonsson2003OnCBC-MAC,
    title = {{On the Security of CTR + CBC-MAC}},
    year = {2003},
    journal = {NIST Modes of Operation},
    author = {Jonsson, Jakob},
    number = {Ccm},
    pages = {411--425},
    volume = {2779},
    url = {http://dblp.uni-trier.de/db/conf/IEEEares/ares2009.html#SchmidtT09},
    isbn = {978-3-540-40833-8},
    doi = {10.1007/978-3-540-45238-6{\_}32},
    issn = {03029743},
    keywords = {AES, authenticated encryption, modes of operation.}
}

@inproceedings{Sieber2017OnlineModels,
    title = {{Online learning and adaptation of network hypervisor performance models}},
    year = {2017},
    booktitle = {2017 IFIP/IEEE Symposium on Integrated Network and Service Management (IM)},
    author = {Sieber, Christian and Obermair, Andreas and Kellerer, Wolfgang},
    month = {5},
    pages = {1204--1212},
    publisher = {IEEE},
    url = {http://ieeexplore.ieee.org/document/7987462/},
    isbn = {978-3-901882-89-0},
    doi = {10.23919/INM.2017.7987462}
}

@article{Liang2016OnlineMatching,
    title = {{Online learning for accurate real-time map matching}},
    year = {2016},
    journal = {Lecture Notes in Computer Science (including subseries Lecture Notes in Artificial Intelligence and Lecture Notes in Bioinformatics)},
    author = {Liang, Biwei and Wang, Tengjiao and Li, Shun and Chen, Wei and Li, Hongyan and Lei, Kai},
    pages = {67--78},
    volume = {9652 LNAI},
    url = {http://download.springer.com.prox.lib.ncsu.edu/static/pdf/116/chp%253A10.1007%252F978-3-319-31750-2_6.pdf?originUrl=http%3A%2F%2Flink.springer.com%2Fchapter%2F10.1007%2F978-3-319-31750-2_6&token2=exp=1490578601~acl=%2Fstatic%2Fpdf%2F116%2Fchp%25253A10.100},
    isbn = {9783319317496},
    doi = {10.1007/978-3-319-31750-2{\_}6},
    issn = {16113349},
    keywords = {Online learning, Real-time map-matching, Without human labeling}
}

@article{Jafarian2012OpenflowNetworking,
    title = {{Openflow Random Host Mutation: Transparent Moving Target Defense Using Software Defined Networking}},
    year = {2012},
    journal = {1st Workshop on Hot Topics in Software Defined Networks (HotSDN 2012)},
    author = {Jafarian, Jafar Haadi and Al-Shaer, Ehab and Duan, Qi},
    pages = {127--132},
    url = {http://conferences.sigcomm.org/sigcomm/2012/paper/hotsdn/p127.pdf http://dl.acm.org/citation.cfm?id=2342467},
    isbn = {9781450314770},
    doi = {10.1145/2342441.2342467},
    issn = {0742-1303},
    pmid = {15003161},
    arxivId = {arXiv:1011.1669v3},
    keywords = {ip mutation, moving, mtd, sdn, security, software defined networking, target defense}
}

@inproceedings{Benton2013OpenFlowAssessment,
    title = {{OpenFlow vulnerability assessment}},
    year = {2013},
    booktitle = {Proceedings of the second ACM SIGCOMM workshop on Hot topics in software defined networking - HotSDN '13},
    author = {Benton, Kevin and Camp, L Jean and Small, Chris},
    pages = {151},
    url = {http://www.ljean.com/files/vulnerability_analysis.pdf http://dl.acm.org/citation.cfm?doid=2491185.2491222},
    isbn = {9781450321785},
    doi = {10.1145/2491185.2491222},
    keywords = {Denial-of-Service, Internetworking General Terms Security, Software-Defined Networking Keywords OpenFlow, Vulnerabilities}
}

@techreport{DelaskoOperatingHackers,
    title = {{Operating Systems of Choice for Professional Hackers}},
    author = {Delasko, Sarah and Chen, Weifeng},
    url = {http://blog.ulisesmejias.com/wp-content/uploads/2007/12/oi_software.jpg},
    keywords = {Bugtraq, Linux, Microsoft Windows, Parrot Security OS, Pentoo, Samurai, closed source, command line interface, cyber security, cyber warfare, cyber-attacks, graphical user interface, open source, operating systems, portability, professional hackers, system vulnerabilities, traceability, universality}
}

@inproceedings{Sommer2010OutsideDetection,
    title = {{Outside the Closed World: On Using Machine Learning for Network Intrusion Detection}},
    year = {2010},
    booktitle = {2010 IEEE Symposium on Security and Privacy},
    author = {Sommer, Robin and Paxson, Vern},
    pages = {305--316},
    url = {https://bit.ly/2NsYgxi},
    isbn = {978-1-4244-6894-2},
    doi = {10.1109/SP.2010.25},
    issn = {10816011},
    pmid = {22057480},
    arxivId = {file:///home/spikeh/Dropbox/chp{\%}253A10.1007{\%}252F11553595{\_}10.pdf},
    keywords = {-anomaly detection, intrusion detection, machine learning, network security}
}

@article{Ampatis2014ParametricVehicles,
    title = {{Parametric Design and Optimization of Multi-Rotor Aerial Vehicles}},
    year = {2014},
    journal = {International Journal of Computer Mathematics},
    author = {Ampatis, C. and Papadopoulos, E.},
    number = {9},
    pages = {1--25},
    volume = {88},
    url = {http://www.springer.com/series/7393%0Ahttp://www.tandfonline.com/doi/abs/10.1080/00207160.2011.578828%0Ahttp://link.springer.com/10.1007/978-3-319-04720-1_1},
    isbn = {9783319047195},
    doi = {10.1007/978-3-319-04720-1{\_}1},
    issn = {0020-7160}
}

@inproceedings{Zuhair2017PhishingPerspectives,
    title = {{Phishing classification models: Issues and perspectives}},
    year = {2017},
    booktitle = {2017 IEEE Conference on Open Systems (ICOS)},
    author = {Zuhair, Hiba and Selamat, Ali},
    isbn = {978-1-5386-0731-2},
    doi = {10.1109/ICOS.2017.8280269}
}

@techreport{RakhraAsstPHISHINGKaur,
    title = {{PHISHING EDUCATIONALFRAMEWORK Davneet kaur}},
    author = {Rakhra Asst, Manik},
    keywords = {Computer security, Phishing attacks, Security awareness, TTAT model, User security education}
}

@inproceedings{OConnor2018PivotWall:Control,
    title = {{PivotWall: SDN-Based Information Flow Control}},
    year = {2018},
    booktitle = {Proceedings of the Symposium on SDN Research - SOSR '18},
    author = {OConnor, Tj and Enck, William and Petullo, W Michael and Verma, Akash},
    pages = {1--14},
    url = {https://doi.org/10.1145/3185467.3185474 http://dl.acm.org/citation.cfm?doid=3185467.3185474},
    isbn = {9781450356640},
    doi = {10.1145/3185467.3185474},
    keywords = {2018, acm reference format, and akash verma, information flow control, michael petullo, software defined networking, tj oconnor, w, william enck}
}

@inproceedings{Hong2015PoisoningCountermeasures,
    title = {{Poisoning Network Visibility in Software-Defined Networks: New Attacks and Countermeasures}},
    year = {2015},
    booktitle = {Proceedings 2015 Network and Distributed System Security Symposium},
    author = {Hong, Sungmin and Xu, Lei and Wang, Haopei and Gu, Guofei},
    url = {https://bit.ly/2KVOF0o},
    isbn = {1-891562-38-X},
    doi = {10.14722/ndss.2015.23283}
}

@inproceedings{Preneel2015Post-SnowdenModels,
    title = {{Post-Snowden Threat Models}},
    year = {2015},
    booktitle = {Proceedings of the 20th ACM Symposium on Access Control Models and Technologies - SACMAT '15},
    author = {Preneel, Bart and {Bart}},
    pages = {1--1},
    publisher = {ACM Press},
    url = {http://dl.acm.org/citation.cfm?doid=2752952.2752978},
    address = {New York, New York, USA},
    isbn = {9781450335560},
    doi = {10.1145/2752952.2752978},
    keywords = {information security, mass surveillance, system security, threat models}
}

@article{MansourPowerProcessors,
    title = {{Power Monitoring of Highly Parallel Network Processors}},
    author = {Mansour, Christopher and Chasaki, Danai},
    keywords = {failures, faults, monitoring, â€”multi-core processor}
}

@inproceedings{Yonemura2018PracticalMethod,
    title = {{Practical security education on operational technology using gamification method}},
    year = {2018},
    booktitle = {Proceedings - 7th IEEE International Conference on Control System, Computing and Engineering, ICCSCE 2017},
    author = {Yonemura, Keiichi and Yajima, Kuniaki and Komura, Ryotaro and Sato, Jun and Takeichi, Yoshihiro},
    isbn = {9781538638972},
    doi = {10.1109/ICCSCE.2017.8284420},
    keywords = {OT(operational technology), cybersecurity, gamification}
}

@inproceedings{Henshel2016PredictingExercises,
    title = {{Predicting proficiency in cyber defense team exercises}},
    year = {2016},
    booktitle = {Proceedings - IEEE Military Communications Conference MILCOM},
    author = {Henshel, Diane S. and Deckard, Gary M. and Lufkin, Brad and Buchler, Norbou and Hoffman, Blaine and Rajivan, Prashanth and Collman, Steve},
    isbn = {9781509037810},
    doi = {10.1109/MILCOM.2016.7795423},
    keywords = {Measurement, assessment, cyber defense, cybersecurity, education, exercises, performance, security, training}
}

@misc{nleomf.orgPreliminaryStatistics,
    title = {{Preliminary 2017 Fatality Statistics}},
    author = {{nleomf.org}},
    url = {http://www.nleomf.org/facts/officer-fatalities-data/}
}

@article{TuraevPreventionSolutions,
    title = {{Prevention of Ransomware Execution in Enterprise Environment on Windows OS: Assessment of Application Whitelisting Solutions}},
    author = {Turaev, Hasan and Zavarsky, Pavol and Swar, Bobby},
    doi = {10.1109/ICDIS.2018.00024},
    keywords = {AppLocker, Blacklisting, CodeShield, SecureAPlus, VoodooShield, ransomware, signature based, whitelisting, zero-day antimalware solution}
}

@book{Walpole2012ProbabilityScientists,
    title = {{Probability and Statistics for Engineers and Scientists}},
    year = {2012},
    booktitle = {Power},
    author = {Walpole, Ronald E and Myers, Raymond H and Myers, Sharon L and Ye, Keying},
    pages = {1 - 720},
    volume = {3rd},
    isbn = {0132047675},
    doi = {10.1017/CBO9781107415324.004},
    issn = {21548137},
    pmid = {25246403},
    arxivId = {arXiv:1011.1669v3}
}

@article{ChristodorescuProceedings,
    title = {{Proceedings of the 12th USENIX Security Symposium Static Analysis of Executables to Detect Malicious Patterns *}},
    author = {Christodorescu, Mihai and Jha, Somesh},
    url = {http://www.usenix.org}
}

@misc{TamNguyen2017ProjectEye,
    title = {{Project Wolf Eye}},
    year = {2017},
    author = {{Tam Nguyen}},
    url = {https://github.com/genterist/wolfeye}
}

@misc{Horn2018ProjectSide-channel,
    title = {{Project Zero: Reading privileged memory with a side-channel}},
    year = {2018},
    booktitle = {Google Project Zero},
    author = {Horn, Jann},
    url = {https://googleprojectzero.blogspot.com.au/2018/01/reading-privileged-memory-with-side.html}
}

@inproceedings{Soule2015QuantifyingDefenses,
    title = {{Quantifying and minimizing attack surfaces containing moving target defenses}},
    year = {2015},
    booktitle = {Proceedings - 2015 Resilience Week, RSW 2015},
    author = {Soule, Nathaniel and Simidchieva, Borislava and Yaman, Fusun and Watro, Ronald and Loyall, Joseph and Atighetchi, Michael and Carvalho, Marco and Last, David and Myers, David and Flatley, Bridget},
    isbn = {9781479985944},
    doi = {10.1109/RWEEK.2015.7287449},
    keywords = {cyber security analysis, modeling, threat assessment}
}

@article{HurleyQuantifyingAHP,
    title = {{Quantifying Decision Making in the Critical Infrastructure via the Analytic Hierarchy Process (AHP)}},
    journal = {ï»¿IGIï»¿Global.ï»¿Copyingï»¿orï»¿distributingï»¿inï»¿printï»¿orï»¿electronicï»¿formsï»¿withoutï»¿writtenï»¿permissionï»¿ofï»¿IGIï»¿Globalï»¿isï»¿prohibited. ï»¿ International Journal of Cyber Warfare and Terrorism},
    author = {Hurley, John S},
    volume = {7},
    url = {https://tripsaver.lib.ncsu.edu/illiad.dll?Action=10&Form=75&Value=1026239},
    doi = {10.4018/IJCWT.2017100103},
    keywords = {Better Predictor, Conventional, Critical Infrastructure, Decision Making, Quantify}
}

@misc{UcedaVelez2012RealMethodology,
    title = {{Real World Threat Modeling Using the PASTA Methodology}},
    year = {2012},
    booktitle = {OWASP AppSec EU},
    author = {Uceda Velez, Tony},
    url = {https://www.owasp.org/images/a/aa/AppSecEU2012_PASTA.pdf}
}

@inproceedings{Mansour2017Real-timeNetworks,
    title = {{Real-time attack and failure detection for next generation networks}},
    year = {2017},
    booktitle = {2017 International Conference on Computing, Networking and Communications, ICNC 2017},
    author = {Mansour, Christopher and Chasaki, Danai},
    pages = {189--193},
    isbn = {9781509045884},
    doi = {10.1109/ICCNC.2017.7876125},
    keywords = {attacks, failure, faults, monitoring, multi-core processor, security}
}

@techreport{BurrellRecommendationsProfessionals,
    title = {{Recommendations to Develop and Hire More Highly Qualified Women and Minorities Cybersecurity Professionals}},
    author = {Burrell, Darrell Norman and Nobles, Calvin},
    url = {https://search-proquest-com.prox.lib.ncsu.edu/docview/2018924017/fulltextPDF/C9C91DB3D9C64843PQ/10?accountid=12725},
    keywords = {cybersecurity, diversity, inclusion, minorities in STEM, minorities in cybersecurity, women in STEM}
}

@inproceedings{Duan2016ResearchSecurity,
    title = {{Research of evaluation methods for software security}},
    year = {2016},
    booktitle = {2016 First IEEE International Conference on Computer Communication and the Internet (ICCCI)},
    author = {Duan, Yubing and Lou, Fang and Fu, Yunsheng},
    isbn = {978-1-4673-8514-5},
    doi = {10.1109/CCI.2016.7778966}
}

@article{Mohaisen2017RethinkingIntelligence,
    title = {{Rethinking Information Sharing for Threat Intelligence}},
    year = {2017},
    author = {Mohaisen, Aziz and Al-Ibrahim, Omar and Kamhoua, Charles and Kwiat, Kevin and Njilla, Laurent},
    url = {https://doi.org/10.1145/3132465.3132468},
    doi = {10.1145/3132465.3132468},
    keywords = {-  Security and privacy  ->  Vulnerability managem}
}

@article{Mehdi2011RevisitingNetworking,
    title = {{Revisiting Traffic Anomaly Detection using Software Defined Networking}},
    year = {2011},
    journal = {Recent Advances in Intrusion Detection},
    author = {Mehdi, Syed Akbar and Khalid, Junaid and Khayam, Syed Ali},
    pages = {1--20},
    volume = {6961},
    url = {http://pages.cs.wisc.edu/~junaid/papers/raid2011.pdf http://www.wisnet.seecs.nust.edu.pk/publications/2011/raid2011_paper.pdf},
    isbn = {978-3-642-23643-3},
    doi = {10.1007/978-3-642-23644-0{\_}9},
    issn = {0302-9743},
    keywords = {anomaly detection, network security, openflow, programmable networks, software defined net, working}
}

@article{ShoshitaishviliRiseAssistance,
    title = {{Rise of the HaCRS: Augmenting Autonomous Cyber Reasoning Systems with Human Assistance}},
    author = {Shoshitaishvili, Yan and Weissbacher, Michael and Dresel, Lukas and Salls, Christopher and Wang, Ruoyu and Kruegel, Christopher and Vigna, Giovanni},
    url = {https://acmccs.github.io/papers/p347-shoshitaishviliA.pdf},
    doi = {10.1145/3133956.3134069},
    keywords = {Cyber Reasoning Systems, Fuzzing, Human assistance}
}

@article{BilgeRiskTeller:Incidents,
    title = {{RiskTeller: Predicting the Risk of Cyber Incidents}},
    author = {Bilge, Leyla and Han, Yufei and Dell 'amico, Matteo},
    url = {https://acmccs.github.io/papers/p1299-bilgeA.pdf},
    doi = {10.1145/3133956.3134022}
}

@article{Shin2014Rosemary,
    title = {{Rosemary}},
    year = {2014},
    journal = {Proceedings of the 2014 ACM SIGSAC Conference on Computer and Communications Security - CCS '14},
    author = {Shin, Seungwon and Song, Yongjoo and Lee, Taekyung and Lee, Sangho and Chung, Jaewoong and Porras, Phillip and Yegneswaran, Vinod and Noh, Jiseong and Kang, Brent Byunghoon},
    pages = {78--89},
    url = {http://dl.acm.org/citation.cfm?doid=2660267.2660353},
    isbn = {9781450329576},
    doi = {10.1145/2660267.2660353},
    issn = {15437221},
    keywords = {Controller Robust-ness, OpenFlow}
}

@article{SharifRotalumEmulators,
    title = {{Rotalum` e: A Tool for Automatic Reverse Engineering of Malware Emulators}},
    journal = {Techniques},
    author = {Sharif, Monirul and Lanzi, Andrea and Gif, Jonathon},
    url = {https://kapravelos.com/teaching/csc591-f17/readings/revmalemu.pdf}
}

@article{HealthPro2009SafeNumbers,
    title = {{Safe Nurse Staffing: Looking Beyond the Raw Numbers}},
    year = {2009},
    journal = {VantagePoint},
    author = {HealthPro, CNA},
    number = {4},
    pages = {1--16},
    volume = {09},
    url = {http://www.nso.com/Documents/pdfs/Newsletters/Safe_Nurse_Staffing_-_Looking_Beyond_the_Raw_Numbers_2009-4.pdf}
}

@article{Casado2006SANE:Networks,
    title = {{SANE: a protection architecture for enterprise networks}},
    year = {2006},
    journal = {15th USENIX Security Symposium},
    author = {Casado, Martin and Garfinkel, Tal and Akella, Aditya and Freedman, Michael J and Boneh, Dan and McKeown, Nick and Shenker, Scott},
    pages = {137â€“151},
    url = {https://stanford.io/2J1eABM}
}

@article{CookSCIPS:System,
    title = {{SCIPS: Using Experiential Learning to Raise Cyber Situational Awareness in Industrial Control System}},
    journal = {International Journal of Cyber Warfare and Terrorism},
    author = {Cook, Allan and Smith, Richard G and Janicke, Helge},
    number = {2},
    volume = {7},
    url = {https://tripsaver.lib.ncsu.edu/illiad.dll?Action=10&Form=75&Value=1026234},
    doi = {10.4018/IJCWT.2017040101},
    keywords = {Awareness, Critical National Infrastructures, Cyber Security, Experiential learning, Game Theory, Industrial Control Systems, Risk Assessment, Threats}
}

@article{SecuriCADManual,
    title = {{securiCAD 1.3 User Manual}},
    url = {https://www.foreseeti.com/07788e43-bc45-40f8-bb02-0ce89c3b854c/securiCADmanual.pdf}
}

@techreport{Kar2017SecurityCard,
    title = {{Security Analysis and Implementation issues of Signcryption Scheme for Smart card}},
    year = {2017},
    booktitle = {International Journal of Business {\&} Cyber Security (IJBCS)},
    author = {Kar, Jayaprakash},
    volume = {1},
    publisher = {ABRM},
    url = {www.ijbcs.abrmr.com}
}

@article{Bayuk2013SecurityConstruct,
    title = {{Security as a theoretical attribute construct}},
    year = {2013},
    journal = {Computers and Security},
    author = {Bayuk, Jennifer L.},
    doi = {10.1016/j.cose.2013.03.006},
    issn = {01674048},
    keywords = {Cyber security, Framework, Information security, Metric, Metrics, Mobile security, Security, Survey, Validation, Verification}
}

@misc{Friedmanet.al.2013SecurityToolkit,
    title = {{Security Cards: A Security Threat Brainstorming Toolkit}},
    year = {2013},
    author = {{Friedman et. al.}}
}

@inproceedings{Xie2017ServiceNFV,
    title = {{Service assurance architecture in NFV}},
    year = {2017},
    booktitle = {2017 IEEE Conference on Network Function Virtualization and Software Defined Networks (NFV-SDN)},
    author = {Xie, Min and Banino-Rokkones, Cyril and Gronsund, Pal and Gonzalez, Andres J.},
    month = {11},
    pages = {229--235},
    publisher = {IEEE},
    url = {http://ieeexplore.ieee.org/document/8169881/},
    isbn = {978-1-5386-3285-7},
    doi = {10.1109/NFV-SDN.2017.8169881}
}

@article{Chen2002SetuidDemystified,
    title = {{Setuid Demystified}},
    year = {2002},
    journal = {System},
    author = {Chen, Hao and Wagner, David and Dean, Drew},
    pages = {171--190},
    url = {http://citeseerx.ist.psu.edu/viewdoc/summary?doi=10.1.1.17.4736},
    isbn = {1931971005}
}

@article{Venkataraman1997SoftwareModels,
    title = {{software package for the analysis of dynamic fault tree models}},
    year = {1997},
    author = {Venkataraman, Bharath and Charlottesville, Virginia and Zi, J},
    pages = {64--70},
    isbn = {0780337832},
    keywords = {bdd, been, binary decision diagram, computer systems, conclusions, developed as an aid, fault tree, fault tree models have, in the analysis of, markov model, several recent advances in, software tool, summary a n d}
}

@article{Ieee2015Software-DefinedSurvey,
    title = {{Software-Defined Networking : A Comprehensive Survey}},
    year = {2015},
    journal = {Proceedings of the IEEE},
    author = {Ieee, Fellow and Rothenberg, Christian Esteve and Ieee, Member and Azodolmolky, Siamak and Ieee, Senior Member and Uhlig, Steve and Ieee, Member},
    number = {1},
    pages = {14 - 76},
    volume = {103},
    url = {http://ieeexplore.ieee.org/lpdocs/epic03/wrapper.htm?arnumber=6994333},
    isbn = {0018-9219 VO - 103},
    doi = {10.1109/JPROC.2014.2371999},
    issn = {0018-9219},
    arxivId = {1406.0440},
    keywords = {based networking, carrier-grade networks, dependability, flow-, network hypervisor, network operating sys-, network virtualization, networks, noss, openflow, programmable, programming languages, scalability, software-, tems}
}

@article{Kreutz2015Software-DefinedSurvey,
    title = {{Software-Defined Networking: A Comprehensive Survey}},
    year = {2015},
    journal = {Proceedings of the IEEE},
    author = {Kreutz, Diego and Ramos, Fernando M. V. and Esteves Verissimo, Paulo and Esteve Rothenberg, Christian and Azodolmolky, Siamak and Uhlig, Steve},
    number = {1},
    month = {1},
    pages = {14--76},
    volume = {103},
    url = {https://bit.ly/2tVSD2e},
    doi = {10.1109/JPROC.2014.2371999},
    issn = {0018-9219}
}

@inproceedings{Tu2016SoK:Spam,
    title = {{SoK: Everyone Hates Robocalls: A Survey of Techniques Against Telephone Spam}},
    year = {2016},
    booktitle = {Proceedings - 2016 IEEE Symposium on Security and Privacy, SP 2016},
    author = {Tu, Huahong and Doupe, Adam and Zhao, Ziming and Ahn, Gail Joon},
    month = {5},
    pages = {320--338},
    publisher = {IEEE},
    url = {http://ieeexplore.ieee.org/document/7546510/},
    isbn = {9781509008247},
    doi = {10.1109/SP.2016.27}
}

@inproceedings{Yao2011SourceArchitecture,
    title = {{Source address validation solution with OpenFlow/NOX architecture}},
    year = {2011},
    booktitle = {Proceedings - International Conference on Network Protocols, ICNP},
    author = {Yao, Guang and Bi, Jun and Xiao, Peiyao},
    isbn = {9781457713941},
    doi = {10.1109/ICNP.2011.6089085},
    issn = {10921648},
    keywords = {IP source address validation, OpenFlow}
}

@techreport{WunderSpecification1.1,
    title = {{Specification for Asset Identification 1.1}},
    author = {Wunder, John and Halbardier, Adam and Waltermire, David},
    url = {https://nvlpubs.nist.gov/nistpubs/Legacy/IR/nistir7693.pdf},
    doi = {10.6028/NIST.IR.7693},
    keywords = {IT management, NISTIR 7693, Specification for Asset Identification 1.1, asset identification, asset management}
}

@article{Ouchani2015SpecificationSystems,
    title = {{Specification, verification, and quantification of security in model-based systems}},
    year = {2015},
    journal = {Computing},
    author = {Ouchani, Samir and Debbabi, Mourad},
    doi = {10.1007/s00607-015-0445-x},
    issn = {0010485X},
    keywords = {Attack, Model-checking, Modeling, Security, Security engineering, Security metrics, Specification, SysML, Temporal logic, Theorem proving, UML, Verification, Vulnerability}
}

@article{Kocher2018SpectreExecution,
    title = {{Spectre Attacks: Exploiting Speculative Execution}},
    year = {2018},
    author = {Kocher, Paul and Genkin, Daniel and Gruss, Daniel and Haas, Werner and Hamburg, Mike and Lipp, Moritz and Mangard, Stefan and Prescher, Thomas and Schwarz, Michael and Yarom, Yuval},
    url = {http://arxiv.org/abs/1801.01203},
    issn = {00049514},
    arxivId = {1801.01203}
}

@inproceedings{Dhawan2015SPHINX:Networks,
    title = {{SPHINX: Detecting Security Attacks in Software-Defined Networks}},
    year = {2015},
    booktitle = {Proceedings 2015 Network and Distributed System Security Symposium},
    author = {Dhawan, Mohan and Poddar, Rishabh and Mahajan, Kshiteej and Mann, Vijay},
    url = {https://bit.ly/2J1gh26},
    isbn = {1-891562-38-X},
    doi = {10.14722/ndss.2015.23064}
}

@article{El-sherei2013StackExploitation,
    title = {{Stack based buffer overflow Exploitation}},
    year = {2013},
    author = {El-sherei, Saif},
    url = {www.elsherei.com http://thinkst.com http://www.eldeeb.net http://www.corelan.be}
}

@article{Cowan1998StackGuard:Attacks,
    title = {{StackGuard: Automatic adaptive detection and prevention of buffer-overflow attacks}},
    year = {1998},
    journal = {Science},
    author = {Cowan, Crispin and Pu, Calton and Maier, Dave and Hintony, Heather and Walpole, Jonathan and Bakke, Peat and Beattie, Steve and Grier, Aaron and Wagle, Perry and Zhang, Qian},
    pages = {5},
    url = {http://portal.acm.org/citation.cfm?id=1267554},
    isbn = {3060296103}
}

@article{Cornel2017StarshipsExperiences,
    title = {{Starships and Cybersecurity Teaching Security Concepts through Immersive Gaming Experiences}},
    year = {2017},
    author = {Cornel, Carianna J and Rowe, Dale C and Cornel, Caralea M},
    url = {http://dx.doi.org/10.1145/3125659.3125696},
    doi = {10.1145/3125659.3125696}
}

@techreport{FilatovaStrategicISIS,
    title = {{Strategic Communication in the Context of Modern Information Confrontation: EU and NATO vs Russia and ISIS}},
    author = {Filatova, Olga and Bolgov, Radomir},
    url = {https://search-proquest-com.prox.lib.ncsu.edu/docview/2018924088/fulltextPDF/C9C91DB3D9C64843PQ/26?accountid=12725},
    keywords = {EU, Islamic State, NATO, Russia, communication threats, disinformation, fake news, hybrid threats, information confrontation, propaganda, strategic communication}
}

@misc{GarciaStratosphereLinux,
    title = {{Stratosphere IPS for Linux}},
    author = {Garcia, Sebastian},
    url = {https://bit.ly/2KRuDnA}
}

@misc{StratosphereIPS,
    title = {{Stratosphere Testing Framework â€” Stratosphere IPS}},
    url = {https://bit.ly/2u7K6bW}
}

@article{Stratosphere-Presentation,
    title = {{Stratosphere-Presentation}}
}

@inproceedings{Abbass2016SurveyAlignment,
    title = {{Survey on information system security risk management alignment}},
    year = {2016},
    booktitle = {2016 International Conference on Information Technology for Organizations Development (IT4OD)},
    author = {Abbass, Wissam and Baina, Amine and Bellafkih, Mostafa},
    pages = {1--6},
    url = {http://ieeexplore.ieee.org/document/7479260/},
    isbn = {978-1-4673-7689-1},
    doi = {10.1109/IT4OD.2016.7479260},
    keywords = {Information System Security Risk alignment, Mal-Activity Diagrams, Misuse Cases, Secure Tropos, SecureUML, Security modeling, â€”Information System Security Risk Management}
}

@article{Sultana2018SurveyApproaches,
    title = {{Survey on SDN based network intrusion detection system using machine learning approaches}},
    year = {2018},
    journal = {Springer - Special Issue on Software Defined Networking: Trends, Challenges and Prospective Smart Solutions},
    author = {Sultana, Nasrin and Chilamkurti, Naveen and Peng, Wei and Alhadad, Rabei},
    pages = {1--9},
    url = {https://bit.ly/2lYEld8},
    issn = {1936-6442},
    keywords = {Deep learning, Machine learning, NIDS, SDN, deep learning, machine learning, nids, sdn}
}

@article{ROSSMICHAELMcEVILLEYJANETCARRIERORENSystemsSystems,
    title = {{Systems Security Engineering Considerations for a Multidisciplinary Approach in the Engineering of Trustworthy Secure Systems}},
    journal = {NIST Special Publication},
    author = {ROSS MICHAEL McEVILLEY JANET CARRIER OREN, Ron},
    pages = {800--160},
    url = {https://doi.org/10.6028/NIST.SP.800-160},
    doi = {10.6028/NIST.SP.800-160}
}

@article{ChenTheC-Bank,
    title = {{The Classification of Information Assets and Risk Assessment: An Exploratory Study using the Case of C-Bank}},
    journal = {Journal of Global Information Management},
    author = {Chen, Patrick S and Yen, David C},
    number = {4},
    pages = {26--54},
    volume = {23},
    url = {https://tripsaver.lib.ncsu.edu/illiad.dll?Action=10&Form=75&Value=1026227},
    doi = {10.4018/JGIM.2015100102},
    keywords = {Assets Classification, Information Assets, Information Security, Risks Assessment}
}

@techreport{BurrellTheProfessionals,
    title = {{The Critical Need for Formal Leadership Development Programs for Cybersecurity and Information Technology Professionals}},
    author = {Burrell, Darrell Norman and Aridi, Amalisha Sabie and Nobles, Calvin},
    url = {https://search-proquest-com.prox.lib.ncsu.edu/docview/2018926662/fulltextPDF/C9C91DB3D9C64843PQ/11?accountid=12725},
    keywords = {chief information officer, cybersecurity leadership, information technology leadership development, leadership complexity, management training}
}

@article{Democracy2017ThePlaybook,
    title = {{The Cybersecurity Campaign Playbook}},
    year = {2017},
    author = {Democracy, Defending Digital},
    pages = {1--27},
    volume = {2},
    url = {https://www.belfercenter.org/sites/default/files/files/publication/Playbook 1.2.pdf}
}

@article{IssaouiTheCountries,
    title = {{The Effects of Money Laundering (ML) on Growth Application to the Gulf Countries}},
    journal = {International Journal of Cyber Warfare and Terrorism},
    author = {Issaoui, Fakhri},
    number = {1},
    volume = {7},
    url = {https://tripsaver.lib.ncsu.edu/illiad.dll?Action=10&Form=75&Value=1026238},
    doi = {10.4018/IJCWT.2017010102},
    keywords = {Efficiency, Growth, Gulf Countries, Money Laundering, Terrorism}
}

@misc{TheIt,
    title = {{The Equifax Data: Now That They Have It, How Will Hackers Use It?}},
    url = {https://www.forbes.com/sites/forbestechcouncil/2017/11/29/the-equifax-data-now-that-they-have-it-how-will-hackers-use-it/#37bad0e7602c}
}

@article{Shacham2007TheX86,
    title = {{The geometry of innocent flesh on the bone: Return-into-libc without function calls (on the x86)}},
    year = {2007},
    journal = {Proceedings of the 14th ACM conference on Computer and communications security},
    author = {Shacham, Hovav},
    number = {4},
    pages = {552â€“561},
    volume = {22},
    url = {http://portal.acm.org/citation.cfm?id=1315313%5Cnhttp://dl.acm.org/citation.cfm?id=1315313},
    isbn = {9781595937032},
    doi = {10.1145/1315245.1315313},
    issn = {00302600},
    keywords = {instruction set, return-into-libc, turing completeness}
}

@techreport{BurlovTheProtection,
    title = {{The Methodological Basis for Solving the Problems of the Infor-mation Warfare and Security Protection}},
    author = {Burlov, Viacheslav Georgievich},
    url = {https://search-proquest-com.prox.lib.ncsu.edu/docview/2018924491/fulltextPDF/C9C91DB3D9C64843PQ/9?accountid=12725},
    keywords = {information warfare, intent, management, model, process existence condition, synthesis, system}
}

@article{WatkinsTheMaturity,
    title = {{The Next Generation of Scientific-Based Risk Metrics: Measuring Cyber Maturity}},
    journal = {International Journal of Cyber Warfare and Terrorism},
    author = {Watkins, Lanier and Hurley, John S},
    volume = {6},
    url = {https://tripsaver.lib.ncsu.edu/illiad.dll?Action=10&Form=75&Value=1026235},
    doi = {10.4018/IJCWT.2016070104},
    keywords = {Cyber Maturity, Measures, Metrics, Threats, Vulnerabilities}
}

@article{Gelernter2017TheAttack,
    title = {{The Password Reset MitM Attack}},
    year = {2017},
    journal = {Proceedings - IEEE Symposium on Security and Privacy},
    author = {Gelernter, Nethanel and Kalma, Senia and Magnezi, Bar and Porcilan, Hen},
    pages = {251--267},
    url = {https://www.ieee-security.org/TC/SP2017/papers/207.pdf},
    isbn = {9781509055326},
    doi = {10.1109/SP.2017.9},
    issn = {10816011}
}

@article{Feamster2014TheNetworks,
    title = {{The Road to SDN: An Intellectual History of Programmable Networks}},
    year = {2014},
    journal = {ACM Sigcomm Computer Communication},
    author = {Feamster, Nick and Rexford, Jennifer and Zegura, Ellen},
    number = {2},
    pages = {87--98},
    volume = {44},
    url = {http://delivery.acm.org.prox.lib.ncsu.edu/10.1145/2610000/2602219/p87-feamster.pdf?ip=152.14.136.96&id=2602219&acc=ACTIVE SERVICE&key=6ABC8B4C00F6EE47.4D4702B0C3E38B35.4D4702B0C3E38B35.4D4702B0C3E38B35&__acm__=1525992536_1e92913727279f1592c3b6eebe http://},
    isbn = {0146-4833; 1943-5819},
    doi = {10.1145/2602204.2602219},
    issn = {01464833}
}

@techreport{EasttomTheEspionage,
    title = {{The Role of Weaponized Malware in Cyber Conflict and Espionage}},
    author = {Easttom, Chuck},
    url = {https://search-proquest-com.prox.lib.ncsu.edu/docview/2018927237/fulltextPDF/C9C91DB3D9C64843PQ/24?accountid=12725},
    keywords = {cyber warfare, malware, malware taxonomy, spyware, weaponized malware}
}

@misc{Casey2015TheFortune,
    title = {{The top 10 biggest R{\&}amp;D spenders worldwide | Fortune}},
    year = {2015},
    booktitle = {Fortune },
    author = {Casey, Michael and Hackett, Robert},
    url = {http://fortune.com/2014/11/17/top-10-research-development/}
}

@article{VissersTheNameservers,
    title = {{The Wolf of Name Street: Hijacking Domains Through Their Nameservers}},
    author = {Vissers, Thomas and Barron, Timothy and Goethem, Tom Van and Joosen, Wouter and Nikiforakis, Nick},
    url = {https://acmccs.github.io/papers/p957-vissersA.pdf},
    doi = {10.1145/3133956.3133988},
    keywords = {-  Networks  ->  Naming and addressing, -  Security and privacy  ->  Network security}
}

@article{Casey2010ThreatAnalysis,
    title = {{Threat Agents : a Necessary Component of Threat Analysis}},
    year = {2010},
    journal = {Proceedings of the Sixth Annual Workshop on Cyber Security and Information Intelligence Research},
    author = {Casey, Timothy and Koeberl, Patrick and Vishik, Claire},
    pages = {1--4},
    isbn = {978-1-4503-0017-9},
    doi = {10.1145/1852666.1852728}
}

@inproceedings{Nematzadeh2010ThreatSystem,
    title = {{Threat Analysis of Online Health Information System}},
    year = {2010},
    booktitle = {Proceedings of the 3rd International Conference on PErvasive Technologies Related to Assistive Environments},
    author = {Nematzadeh, Azadeh and Camp, L Jean},
    pages = {31:1--31:7},
    url = {http://doi.acm.org/10.1145/1839294.1839331},
    isbn = {978-1-4503-0071-1},
    doi = {10.1145/1839294.1839331},
    keywords = {information health systems, legal aspects, privacy, traitor-tracing schemes}
}

@inproceedings{Zalewski2013ThreatSystems,
    title = {{Threat modeling for security assessment in cyberphysical systems}},
    year = {2013},
    booktitle = {Proceedings of the Eighth Annual Cyber Security and Information Intelligence Research Workshop on - CSIIRW '13},
    author = {Zalewski, Janusz and Drager, Steven and McKeever, William and Kornecki, Andrew J.},
    pages = {1},
    url = {http://dl.acm.org/citation.cfm?doid=2459976.2459987},
    isbn = {9781450316873},
    doi = {10.1145/2459976.2459987}
}

@article{Ingalsbe2008ThreatEnd,
    title = {{Threat modeling: Diving into the deep end}},
    year = {2008},
    journal = {IEEE Software},
    author = {Ingalsbe, Jeffrey A. and Kunimatsu, Louis and Baeten, Tim and Mead, Nancy R.},
    number = {1},
    pages = {28--34},
    volume = {25},
    isbn = {07407459},
    doi = {10.1109/MS.2008.25},
    issn = {07407459},
    keywords = {DREAD, Risk assessment, Risk management, Threat analysis, Threat modeling}
}

@article{Aleph1TitleProfit,
    title = {{Title : Smashing The Stack For Fun And Profit}},
    author = {{Aleph1}}
}

@article{Dingledine2004Tor:Router,
    title = {{Tor: The Second-Generation Onion Router}},
    year = {2004},
    author = {Dingledine, Roger and Mathewson, Nick and Syverson, Paul},
    url = {http://www.dtic.mil/docs/citations/ADA465464},
    doi = {10.21236/ADA465464},
    issn = {1398-9219}
}

@inproceedings{Martins2015TowardsSystems,
    title = {{Towards a systematic threat modeling approach for cyber-physical systems}},
    year = {2015},
    booktitle = {Resilience Week (RWS), 2015},
    author = {Martins, Goncalo and Bhatia, Sajal and Koutsoukos, Xenofon and Stouffer, Keith and Tang, Cheeyee and Candell, Richard},
    pages = {1--6},
    isbn = {9781479985944},
    doi = {10.1109/RWEEK.2015.7287428},
    keywords = {condition monitoring, object-oriented programming, r}
}

@inproceedings{Allodi2017TowardsAssumptions,
    title = {{Towards realistic threat modeling: Atack commodification, irrelevant vulnerabilities, and unrealistic assumptions}},
    year = {2017},
    booktitle = {SafeConfig 2017 - Proceedings of the 2017 Workshop on Automated Decision Making for Active Cyber Defense, co-located with CCS 2017},
    author = {Allodi, Luca and Etalle, Sandro},
    pages = {23--26},
    isbn = {9781450352031},
    doi = {10.1145/3140368.3140372},
    keywords = {Attacker capabilities, Threat modeling, Vulnerabilities}
}

@inproceedings{Kreutz2013TowardsNetworks,
    title = {{Towards secure and dependable software-defined networks}},
    year = {2013},
    booktitle = {Proceedings of the second ACM SIGCOMM workshop on Hot topics in software defined networking - HotSDN '13},
    author = {Kreutz, Diego and Ramos, Fernando M.V. and Verissimo, Paulo},
    pages = {55},
    publisher = {ACM Press},
    url = {https://bit.ly/2KMlG2e},
    address = {New York, New York, USA},
    isbn = {9781450321785},
    doi = {10.1145/2491185.2491199},
    keywords = {controllers, dependability, sdn, security, threat vectors}
}

@book{Wang2015TracebackAnonymity,
    title = {{Traceback and Anonymity}},
    year = {2015},
    author = {Wang, Xinyuan and Katz, Jonathan},
    publisher = {Springer},
    isbn = {9781493934393}
}

@article{Wang2015TracebackAnonymityb,
    title = {{Traceback and Anonymity}},
    year = {2015},
    author = {Wang, Xinyuan and Katz, Jonathan},
    isbn = {9781493934393},
    issn = {21915776}
}

@incollection{Yen2008TrafficDetection,
    title = {{Traffic Aggregation for Malware Detection}},
    year = {2008},
    booktitle = {Detection of Intrusions and Malware, and Vulnerability Assessment},
    author = {Yen, Ting-Fang and Reiter, Michael K.},
    pages = {207--227},
    publisher = {Springer Berlin Heidelberg},
    url = {http://link.springer.com/10.1007/978-3-540-70542-0_11},
    address = {Berlin, Heidelberg},
    doi = {10.1007/978-3-540-70542-0{\_}11}
}

@article{Saitta2005TrikeDocument,
    title = {{Trike v. 1 methodology document}},
    year = {2005},
    journal = {URL: http://dymaxion. org/trike/ {\ldots}},
    author = {Saitta, Paul and Larcom, Brenda and Eddington, Michael},
    pages = {1--17},
    url = {https://www.helpnetsecurity.com/dl/articles/Trike_v1_Methodology_Document-draft.pdf http://www.octotrike.org/papers/Trike_v1_Methodology_Document-draft.pdf}
}

@incollection{Jurjens2002UMLsec:Development,
    title = {{UMLsec: Extending UML for Secure Systems Development}},
    year = {2002},
    author = {J{\"{u}}rjens, Jan},
    pages = {412--425},
    url = {http://link.springer.com/10.1007/3-540-45800-X_32},
    isbn = {978-3-540-44254-7},
    doi = {10.1007/3-540-45800-X{\_}32},
    issn = {0315-162X}
}

@article{UncoverApproach.pdf,
    title = {{Uncover Security Design Flaws Using The STRIDE Approach.pdf}},
    url = {https://docs.google.com/viewer?a=v&pid=sites&srcid=ZGVmYXVsdGRvbWFpbnxzZWN1cmVwcm9ncmFtbWluZ3xneDo0MTY1MmM0ZDI0ZjQ4ZDMy}
}

@article{Thurlby2014UnderstandingInfrastructure,
    title = {{Understanding and managing the threat of disruptive events to the critical national infrastructure}},
    year = {2014},
    journal = {Journal of Facilities Management},
    author = {Thurlby, Robert and Warren, Kim},
    isbn = {0420130020},
    doi = {10.1108/JFM-04-2013-0020},
    issn = {17410983},
    keywords = {Critical national infrastructure, Disruption, Modelling, Risk and resilience, Simulation, Utilities}
}

@book{Wachter2012UnderstandingSafety,
    title = {{Understanding patient safety}},
    year = {2012},
    author = {Wachter, RM},
    publisher = {McGraw-Hill Medical},
    url = {http://www.aacn.org/DM/Products/ProductDetails.aspx?productid=124000&prodtyp=product&subsystem=ORD},
    isbn = {0071594337}
}

@article{Jacobson2011USE-CASECases,
    title = {{USE-CASE 2.0 The Guide to Succedding with Use Cases}},
    year = {2011},
    author = {Jacobson, Ivar and Spence, Ian and Bittner, Kurt},
    url = {https://www.ivarjacobson.com/sites/default/files/field_iji_file/article/use-case_2_0_jan11.pdf}
}

@article{Abawajy2014UserMethods,
    title = {{User preference of cyber security awareness delivery methods}},
    year = {2014},
    journal = {Behaviour {\&} Information Technology},
    author = {Abawajy, Jemal},
    isbn = {0144929X},
    doi = {10.1080/0144929X.2012.708787},
    issn = {0144-929X},
    pmid = {8190083},
    arxivId = {1512.00567}
}

@inproceedings{Last2015UsingVulnerabilities,
    title = {{Using historical software vulnerability data to forecast future vulnerabilities}},
    year = {2015},
    booktitle = {Proceedings - 2015 Resilience Week, RSW 2015},
    author = {Last, David},
    isbn = {9781479985944},
    doi = {10.1109/RWEEK.2015.7287429},
    keywords = {cybersecurity, vulnerability discovery model, vulnerability prediction}
}

@inproceedings{Collins2007UsingAddresses,
    title = {{Using uncleanliness to predict future botnet addresses}},
    year = {2007},
    booktitle = {Proceedings of the 7th ACM SIGCOMM conference on Internet measurement  - IMC '07},
    author = {Collins, M. Patrick and Shimeall, Timothy J. and Faber, Sidney and Janies, Jeff and Weaver, Rhiannon and De Shon, Markus and Kadane, Joseph},
    pages = {93},
    publisher = {ACM Press},
    url = {http://portal.acm.org/citation.cfm?doid=1298306.1298319},
    address = {New York, New York, USA},
    isbn = {9781595939081},
    doi = {10.1145/1298306.1298319},
    keywords = {blacklists, botnets, reputation management}
}

@inproceedings{Khurshid2013Veriflow:Time,
    title = {{Veriflow: verifying network-wide invariants in real time}},
    year = {2013},
    booktitle = {Presented as part of the 10th USENIX Symposium on Networked Systems Design and Implementation (NSDI 13)},
    author = {Khurshid, Ahmed and Zhou, Wenxuan and Caesar, Matthew and Godfrey, P Brighten and Zou, Xuan and Zhou, Wenxuan and Caesar, Matthew and Godfrey, P Brighten},
    pages = {15--27},
    url = {https://bit.ly/2MSEtWK},
    isbn = {9781450314770},
    doi = {10.1145/2377677.2377766},
    issn = {0146-4833},
    keywords = {debug-, forwarding, openflow, software-defined networking}
}

@inproceedings{Abdelrahem2017VirtualizationSurvey,
    title = {{Virtualization security: A survey}},
    year = {2017},
    booktitle = {Proceedings of 2016 11th International Conference on Computer Engineering and Systems, ICCES 2016},
    author = {Abdelrahem, Omnia and Bahaa-ElDin, Ayman M. and Taha, Ayman},
    pages = {32--40},
    isbn = {9781509032679},
    doi = {10.1109/ICCES.2016.7821971},
    keywords = {Cloud Computing, Virtualization, Virtualization Security}
}

@misc{IBM2017VisualDemo,
    title = {{Visual recognition demo}},
    year = {2017},
    author = {{IBM}},
    url = {https://visual-recognition-demo.mybluemix.net}
}

@techreport{Stine2002VolumeCategories,
    title = {{Volume I: Guide for Mapping Types of Information and Information Systems to Security Categories}},
    year = {2002},
    author = {Stine, Kevin and Kissel, Rich and Barker, William C and Fahlsing, Jim and Gulick, Jessica and Gutierrez, Carlos M and Turner, James M},
    url = {http://csrc.nist.gov/publications.},
    doi = {10.6028/NIST.SP.800-60v1r1},
    keywords = {FISMA, NIST SP 800-60 Volume I Revision 1, Volume I: Guide for Mapping Types of Information and Information Systems to Security Categories, categorization, computer security, cyber security, information type, security category}
}

@article{AcerWhereErrors,
    title = {{Where the Wild Warnings Are: Root Causes of Chrome HTTPS Certificate Errors}},
    author = {Acer, Mustafa Emre and Felt, Adrienne Porter and Fahl, Sascha and Bhargava, Radhika and Dev, Bhanu and Sleevi, Ryan},
    url = {https://acmccs.github.io/papers/p1407-acerA.pdf},
    doi = {10.1145/3133956.3134007}
}

@article{2016WHOFunding,
    title = {{WHO | West Africa Ebola outbreak: Funding}},
    year = {2016},
    journal = {WHO},
    publisher = {World Health Organization},
    url = {http://www.who.int/csr/disease/ebola/funding-requirements/en/},
    keywords = {African Region [region], ebola [subject], ebola fever, ebola haemhorragic fever, ebola virus, ebola virus disease}
}

@article{Pfleeger2010WhyHard,
    title = {{Why measuring security is hard}},
    year = {2010},
    journal = {IEEE Security and Privacy},
    author = {Pfleeger, Shari Lawrence and Cunningham, Robert K.},
    isbn = {1540-7993},
    doi = {10.1109/MSP.2010.60},
    issn = {15407993},
    keywords = {measurement, security and privacy}
}

@article{Stone-GrossYourTakeover,
    title = {{Your Botnet is My Botnet: Analysis of a Botnet Takeover}},
    author = {Stone-Gross, Brett and Cova, Marco and Cavallaro, Lorenzo and Gilbert, Bob and Szydlowski, Martin and Kemmerer, Richard and Kruegel, Christopher and Vigna, Giovanni},
    url = {http://delivery.acm.org/10.1145/1660000/1653738/p635-stone.pdf?ip=152.7.224.11&id=1653738&acc=ACTIVE%20SERVICE&key=6ABC8B4C00F6EE47%2E4D4702B0C3E38B35%2E4D4702B0C3E38B35%2E4D4702B0C3E38B35&CFID=817630337&CFTOKEN=30883127&__acm__=1507575233_10675c6aab3818b31ec9345addf6f399},
    keywords = {Malware, Measurement, Security, Torpig}
}

@article{Durumeric2013ZMap:Applications,
    title = {{ZMap: Fast Internet-wide Scanning and Its Security Applications}},
    year = {2013},
    journal = {Proceedings of the 22nd USENIX Security Symposium},
    author = {Durumeric, Zakir and Wustrow, Eric and Halderman, J. Alex},
    number = {August},
    pages = {605--619},
    url = {https://zmap.io/paper.pdf},
    isbn = {9781931971034}
}

@article{WHO1998EpidemiologyInfections,
    title = {{[Epidemiology of nosocomial infections]}},
    year = {1998},
    journal = {Rev Prat},
    author = {{WHO}},
    number = {14},
    pages = {1525--1529},
    volume = {48},
    url = {9814046},
    isbn = {0035-2640 (Print)},
    doi = {WHO/CDS/CSR/EPH/2002.12},
    issn = {0035-2640},
    pmid = {20096484},
    keywords = {Age Factors, Aged, Catheterization: adverse effects, Child, Cross Infection: *epidemiology: microbiology, Female, Humans, Incidence, Male, Prevalence, Risk Factors, Sex Factors, Surgical Wound Infection: complications}
}

@inproceedings{Amari2003ATrees,
    title = {{{\{}A{\}} new approach to solve dynamic fault trees}},
    year = {2003},
    booktitle = {Reliability and Maintainability Symposium, 2003. Annual},
    author = {Amari, S and Dill, G and Howald, E},
    pages = {374--379},
    isbn = {0780377176},
    doi = {10.1109/RAMS.2003.1182018},
    issn = {0149-144X},
    keywords = {AND gates, Markov models, Markov processes, OR gates, dynamic fault trees solution approach, dynamic redundancy management, failure events, fault trees, maintenance engineering, sequence-dependent events, spares, state space, static fault trees, system failure mechanisms, voting gates}
}